<?xml version="1.0" encoding="UTF-8"?>
<!DOCTYPE html PUBLIC "-//W3C//DTD XHTML 1.0 Transitional//EN"
    "http://www.w3.org/TR/xhtml1/DTD/xhtml1-transitional.dtd">
<html xmlns="http://www.w3.org/1999/xhtml" xml:lang="en" lang="en">
 <head>
  <title>
</title>
<meta http-equiv="Content-Type" content="text/html;charset=utf-8" />
  <meta name='ocr-system' content='tesseract 3.04.00' />
  <meta name='ocr-capabilities' content='ocr_page ocr_carea ocr_par ocr_line ocrx_word'/>
</head>
<body>
  <div class='ocr_page' id='page_1' title='image "./delatinitatelap00kretgoog_0149.png"; bbox 0 0 3068 5310; ppageno 0'>
   <div class='ocr_carea' id='block_1_1' title="bbox 808 415 924 482">
    <p class='ocr_par' dir='ltr' id='par_1_1' title="bbox 808 415 924 482">
     <span class='ocr_line' id='line_1_1' title="bbox 808 415 924 482; baseline 0 0"><span class='ocrx_word' id='word_1_1' title='bbox 808 415 880 482; x_wconf 48' lang='lat'>1401</span> <span class='ocrx_word' id='word_1_2' title='bbox 922 441 924 448; x_wconf 58' lang='lat'><strong>⁴</strong></span> 
     </span>
    </p>
   </div>
   <div class='ocr_carea' id='block_1_2' title="bbox 178 611 1523 3695">
    <p class='ocr_par' dir='ltr' id='par_1_2' title="bbox 266 548 1520 1096">
     <span class='ocr_line' id='line_1_2' title="bbox 267 611 1416 703; baseline 0.002 -23"><span class='ocrx_word' id='word_1_3' title='bbox 267 635 410 703; x_wconf 89' lang='lat' dir='ltr'>mamque</span> <span class='ocrx_word' id='word_1_4' title='bbox 433 615 602 684; x_wconf 87' lang='lat' dir='ltr'>adhiberet</span> <span class='ocrx_word' id='word_1_5' title='bbox 621 614 828 700; x_wconf 76' lang='lat' dir='ltr'>diligentiam,</span> <span class='ocrx_word' id='word_1_6' title='bbox 848 611 980 699; x_wconf 85' lang='lat' dir='ltr'>nequid</span> <span class='ocrx_word' id='word_1_7' title='bbox 1003 636 1149 699; x_wconf 84' lang='lat' dir='ltr'>asperum</span> <span class='ocrx_word' id='word_1_8' title='bbox 1171 621 1260 682; x_wconf 90' lang='lat' dir='ltr'>esset</span> <span class='ocrx_word' id='word_1_9' title='bbox 1280 622 1338 682; x_wconf 87' lang='lat' dir='ltr'>aut</span> <span class='ocrx_word' id='word_1_10' title='bbox 1361 618 1416 682; x_wconf 92' lang='lat' dir='ltr'>ob·</span> 
     </span>
     <span class='ocr_line' id='line_1_3' title="bbox 268 714 1520 800; baseline -0.01 -12"><span class='ocrx_word' id='word_1_11' title='bbox 268 738 392 788; x_wconf 75' lang='lat' dir='ltr'>courum</span> <span class='ocrx_word' id='word_1_12' title='bbox 413 739 499 785; x_wconf 82' lang='lat' dir='ltr'>neve</span> <span class='ocrx_word' id='word_1_13' title='bbox 520 714 667 798; x_wconf 88' lang='lat' dir='ltr'>longiore</span> <span class='ocrx_word' id='word_1_14' title='bbox 686 716 856 779; x_wconf 88' lang='lat' dir='ltr'>verborum</span> <span class='ocrx_word' id='word_1_15' title='bbox 871 716 991 780; x_wconf 86' lang='lat' dir='ltr'>ambitu</span> <span class='ocrx_word' id='word_1_16' title='bbox 1012 736 1107 782; x_wconf 89' lang='lat' dir='ltr'>aures</span> <span class='ocrx_word' id='word_1_17' title='bbox 1128 723 1317 800; x_wconf 80' lang='lat' dir='ltr'>mentesque</span> <span class='ocrx_word' id='word_1_18' title='bbox 1341 717 1416 781; x_wconf 86' lang='lat' dir='ltr'>fati-</span> <span class='ocrx_word' id='word_1_19' title='bbox 1519 762 1520 776; x_wconf 73' lang='grc'>.</span> 
     </span>
     <span class='ocr_line' id='line_1_4' title="bbox 267 813 1417 901; baseline -0.002 -19"><span class='ocrx_word' id='word_1_20' title='bbox 267 823 370 901; x_wconf 87' lang='lat' dir='ltr'>garet,</span> <span class='ocrx_word' id='word_1_21' title='bbox 393 817 450 881; x_wconf 86' lang='lat' dir='ltr'>sed</span> <span class='ocrx_word' id='word_1_22' title='bbox 467 821 501 880; x_wconf 90' lang='lat' dir='ltr'>ut</span> <span class='ocrx_word' id='word_1_23' title='bbox 522 815 628 878; x_wconf 85' lang='lat' dir='ltr'>omnia</span> <span class='ocrx_word' id='word_1_24' title='bbox 649 813 766 878; x_wconf 90' lang='lat' dir='ltr'>leniter</span> <span class='ocrx_word' id='word_1_25' title='bbox 786 820 820 877; x_wconf 89' lang='lat' dir='ltr'>et</span> <span class='ocrx_word' id='word_1_26' title='bbox 835 819 947 897; x_wconf 89' lang='lat' dir='ltr'>aperte</span> <span class='ocrx_word' id='word_1_27' title='bbox 969 821 1001 879; x_wconf 91' lang='lat' dir='ltr'>et</span> <span class='ocrx_word' id='word_1_28' title='bbox 1016 815 1107 898; x_wconf 82' lang='lat' dir='ltr'>quasi</span> <span class='ocrx_word' id='word_1_29' title='bbox 1121 816 1255 880; x_wconf 88' lang='lat' dir='ltr'>remisse</span> <span class='ocrx_word' id='word_1_30' title='bbox 1266 817 1417 898; x_wconf 85' lang='lat' dir='ltr'>fluerent,</span> 
     </span>
     <span class='ocr_line' id='line_1_5' title="bbox 266 913 1416 997; baseline 0.001 -17"><span class='ocrx_word' id='word_1_31' title='bbox 266 916 424 982; x_wconf 87' lang='lat' dir='ltr'>dissoluta</span> <span class='ocrx_word' id='word_1_32' title='bbox 446 921 497 978; x_wconf 91' lang='lat' dir='ltr'>est</span> <span class='ocrx_word' id='word_1_33' title='bbox 518 913 621 978; x_wconf 89' lang='lat' dir='ltr'>oratio</span> <span class='ocrx_word' id='word_1_34' title='bbox 642 914 792 978; x_wconf 89' lang='lat' dir='ltr'>membris</span> <span class='ocrx_word' id='word_1_35' title='bbox 806 914 933 979; x_wconf 89' lang='lat' dir='ltr'>minutis</span> <span class='ocrx_word' id='word_1_36' title='bbox 956 920 990 978; x_wconf 91' lang='lat' dir='ltr'>et</span> <span class='ocrx_word' id='word_1_37' title='bbox 1009 914 1416 997; x_wconf 86' lang='lat' dir='ltr'>interruptabrevioribus</span> 
     </span>
     <span class='ocr_line' id='line_1_6' title="bbox 267 1010 1417 1096; baseline -0.002 -14"><span class='ocrx_word' id='word_1_38' title='bbox 267 1016 505 1082; x_wconf 87' lang='lat' dir='ltr'>additamentis.</span> <span class='ocrx_word' id='word_1_39' title='bbox 542 1010 630 1088; x_wconf 82' lang='lat' dir='ltr'>Quae</span> <span class='ocrx_word' id='word_1_40' title='bbox 647 1032 688 1076; x_wconf 88' lang='lat' dir='ltr'>ne</span> <span class='ocrx_word' id='word_1_41' title='bbox 704 1013 927 1096; x_wconf 79' lang='lat' dir='ltr'>perspicuitati</span> <span class='ocrx_word' id='word_1_42' title='bbox 944 1013 1121 1090; x_wconf 82' lang='lat' dir='ltr'>officerent,</span> <span class='ocrx_word' id='word_1_43' title='bbox 1137 1020 1329 1080; x_wconf 81' lang='lat' dir='ltr'>structuram</span> <span class='ocrx_word' id='word_1_44' title='bbox 1345 1036 1417 1082; x_wconf 90' lang='lat' dir='ltr'>sae·</span> 
     </span>
    </p>

    <p class='ocr_par' dir='ltr' id='par_1_3' title="bbox 228 1112 1419 1795">
     <span class='ocr_line' id='line_1_7' title="bbox 228 1112 1418 1201; baseline 0.002 -22"><span class='ocrx_word' id='word_1_45' title='bbox 228 1197 230 1201; x_wconf 27' lang='grc'>,</span> <span class='ocrx_word' id='word_1_46' title='bbox 266 1117 341 1200; x_wconf 88' lang='lat' dir='ltr'>pius</span> <span class='ocrx_word' id='word_1_47' title='bbox 362 1112 539 1179; x_wconf 82' lang='lat' dir='ltr'>immutavit</span> <span class='ocrx_word' id='word_1_48' title='bbox 559 1113 875 1195; x_wconf 88' lang='lat' dir='ltr'>accommodavitque</span> <span class='ocrx_word' id='word_1_49' title='bbox 893 1133 930 1176; x_wconf 88' lang='lat' dir='ltr'>ac</span> <span class='ocrx_word' id='word_1_50' title='bbox 951 1115 1126 1195; x_wconf 84' lang='lat' dir='ltr'>revocavit,</span> <span class='ocrx_word' id='word_1_51' title='bbox 1150 1116 1300 1198; x_wconf 90' lang='lat' dir='ltr'>aquibus</span> <span class='ocrx_word' id='word_1_52' title='bbox 1324 1116 1418 1181; x_wconf 89' lang='lat' dir='ltr'>aber·</span> 
     </span>
     <span class='ocr_line' id='line_1_8' title="bbox 266 1212 1417 1299; baseline -0.001 -19"><span class='ocrx_word' id='word_1_53' title='bbox 266 1220 395 1280; x_wconf 84' lang='lat' dir='ltr'>raverat</span> <span class='ocrx_word' id='word_1_54' title='bbox 409 1213 547 1292; x_wconf 88' lang='lat' dir='ltr'>nomina,</span> <span class='ocrx_word' id='word_1_55' title='bbox 564 1212 681 1277; x_wconf 89' lang='lat' dir='ltr'>additis</span> <span class='ocrx_word' id='word_1_56' title='bbox 696 1214 823 1298; x_wconf 69' lang='lat' dir='ltr'>„igitun</span> <span class='ocrx_word' id='word_1_57' title='bbox 844 1214 872 1279; x_wconf 92' lang='lat' dir='ltr'>is</span> <span class='ocrx_word' id='word_1_58' title='bbox 884 1212 1002 1295; x_wconf 85' lang='lat' dir='ltr'>igitur“</span> <span class='ocrx_word' id='word_1_59' title='bbox 1023 1219 1088 1278; x_wconf 83' lang='lat' dir='ltr'>etc·</span> <span class='ocrx_word' id='word_1_60' title='bbox 1127 1213 1320 1279; x_wconf 87' lang='lat' dir='ltr'>Huiusmodi</span> <span class='ocrx_word' id='word_1_61' title='bbox 1340 1237 1417 1299; x_wconf 89' lang='lat' dir='ltr'>pro·</span> 
     </span>
     <span class='ocr_line' id='line_1_9' title="bbox 267 1313 1419 1396; baseline 0 -16"><span class='ocrx_word' id='word_1_62' title='bbox 267 1316 363 1380; x_wconf 86' lang='lat' dir='ltr'>ducta</span> <span class='ocrx_word' id='word_1_63' title='bbox 383 1313 511 1395; x_wconf 85' lang='lat' dir='ltr'>longius</span> <span class='ocrx_word' id='word_1_64' title='bbox 534 1319 567 1376; x_wconf 91' lang='lat' dir='ltr'>et</span> <span class='ocrx_word' id='word_1_65' title='bbox 586 1313 750 1394; x_wconf 89' lang='lat' dir='ltr'>intercisa,</span> <span class='ocrx_word' id='word_1_66' title='bbox 763 1313 821 1378; x_wconf 86' lang='lat' dir='ltr'>sed</span> <span class='ocrx_word' id='word_1_67' title='bbox 844 1314 956 1377; x_wconf 88' lang='lat' dir='ltr'>eadem</span> <span class='ocrx_word' id='word_1_68' title='bbox 978 1333 1043 1377; x_wconf 90' lang='lat' dir='ltr'>non</span> <span class='ocrx_word' id='word_1_69' title='bbox 1062 1313 1219 1396; x_wconf 90' lang='lat' dir='ltr'>impedita</span> <span class='ocrx_word' id='word_1_70' title='bbox 1242 1316 1419 1380; x_wconf 90' lang='lat' dir='ltr'>enunciata</span> 
     </span>
     <span class='ocr_line' id='line_1_10' title="bbox 266 1412 1415 1496; baseline 0.003 -17"><span class='ocrx_word' id='word_1_71' title='bbox 266 1413 412 1479; x_wconf 90' lang='lat' dir='ltr'>invenies</span> <span class='ocrx_word' id='word_1_72' title='bbox 430 1412 566 1496; x_wconf 90' lang='lat' dir='ltr'>plurima</span> <span class='ocrx_word' id='word_1_73' title='bbox 587 1412 675 1478; x_wconf 80' lang='lat' dir='ltr'>Plor.</span> <span class='ocrx_word' id='word_1_74' title='bbox 690 1413 716 1477; x_wconf 91' lang='grc' dir='ltr'>Ι.</span> <span class='ocrx_word' id='word_1_75' title='bbox 729 1414 756 1480; x_wconf 88' lang='lat'>8.</span> <span class='ocrx_word' id='word_1_76' title='bbox 773 1412 821 1478; x_wconf 85' lang='lat'>19.</span> <span class='ocrx_word' id='word_1_77' title='bbox 836 1413 885 1479; x_wconf 76' lang='lat'>22.</span> <span class='ocrx_word' id='word_1_78' title='bbox 900 1413 951 1478; x_wconf 80' lang='grc'>28.</span> <span class='ocrx_word' id='word_1_79' title='bbox 965 1413 1015 1478; x_wconf 80' lang='grc'>32.</span> <span class='ocrx_word' id='word_1_80' title='bbox 1030 1413 1080 1478; x_wconf 88' lang='grc'>48.</span> <span class='ocrx_word' id='word_1_81' title='bbox 1095 1414 1137 1478; x_wconf 92' lang='grc' dir='ltr'>ΙΙ.</span> <span class='ocrx_word' id='word_1_82' title='bbox 1152 1413 1202 1479; x_wconf 92' lang='grc'>57.</span> <span class='ocrx_word' id='word_1_83' title='bbox 1214 1412 1265 1478; x_wconf 93' lang='grc'>58.</span> <span class='ocrx_word' id='word_1_84' title='bbox 1280 1413 1339 1480; x_wconf 91' lang='grc' dir='ltr'>ΠΙ.</span> <span class='ocrx_word' id='word_1_85' title='bbox 1363 1417 1415 1482; x_wconf 91' lang='grc'>79.</span> 
     </span>
     <span class='ocr_line' id='line_1_11' title="bbox 266 1510 1417 1596; baseline -0.001 -16"><span class='ocrx_word' id='word_1_86' title='bbox 266 1513 434 1580; x_wconf 69' lang='lat' dir='ltr'>calvae</span> <span class='ocrx_word' id='word_1_87' title='bbox 443 1512 512 1576; x_wconf 89' lang='grc'><strong>101.</strong></span> <span class='ocrx_word' id='word_1_88' title='bbox 529 1510 665 1594; x_wconf 82' lang='lat' dir='ltr'>Saepius</span> <span class='ocrx_word' id='word_1_89' title='bbox 679 1513 772 1577; x_wconf 89' lang='lat' dir='ltr'>etiam</span> <span class='ocrx_word' id='word_1_90' title='bbox 785 1513 1147 1578; x_wconf 82' lang='lat' dir='ltr'>ubinexumsententiae</span> <span class='ocrx_word' id='word_1_91' title='bbox 1161 1513 1333 1596; x_wconf 87' lang='lat' dir='ltr'>productio</span> <span class='ocrx_word' id='word_1_92' title='bbox 1345 1514 1417 1579; x_wconf 88' lang='lat' dir='ltr'>lon·</span> 
     </span>
     <span class='ocr_line' id='line_1_12' title="bbox 267 1601 1417 1698; baseline 0.003 -22"><span class='ocrx_word' id='word_1_93' title='bbox 267 1615 340 1698; x_wconf 91' lang='lat' dir='ltr'>gior</span> <span class='ocrx_word' id='word_1_94' title='bbox 357 1610 542 1678; x_wconf 84' lang='lat' dir='ltr'>obscuravit</span> <span class='ocrx_word' id='word_1_95' title='bbox 561 1601 798 1696; x_wconf 86' lang='lat' dir='ltr'>vel&#39;impedivit</span> <span class='ocrx_word' id='word_1_96' title='bbox 819 1612 916 1693; x_wconf 69' lang='lat' dir='ltr'>nulla</span> <span class='ocrx_word' id='word_1_97' title='bbox 937 1618 1044 1677; x_wconf 90' lang='lat' dir='ltr'>tamen</span> <span class='ocrx_word' id='word_1_98' title='bbox 1066 1632 1136 1676; x_wconf 91' lang='lat' dir='ltr'>cum</span> <span class='ocrx_word' id='word_1_99' title='bbox 1150 1611 1298 1694; x_wconf 89' lang='lat' dir='ltr'>pleniore</span> <span class='ocrx_word' id='word_1_100' title='bbox 1316 1619 1417 1696; x_wconf 86' lang='lat' dir='ltr'>atque</span> 
     </span>
     <span class='ocr_line' id='line_1_13' title="bbox 268 1711 1410 1795; baseline 0 -17"><span class='ocrx_word' id='word_1_101' title='bbox 268 1711 467 1778; x_wconf 87' lang='lat' dir='ltr'>accuratiore</span> <span class='ocrx_word' id='word_1_102' title='bbox 485 1711 652 1794; x_wconf 89' lang='lat' dir='ltr'>diligentia</span> <span class='ocrx_word' id='word_1_103' title='bbox 665 1711 803 1795; x_wconf 89' lang='lat' dir='ltr'>repetiit,</span> <span class='ocrx_word' id='word_1_104' title='bbox 825 1712 994 1793; x_wconf 88' lang='lat' dir='ltr'>dequibus</span> <span class='ocrx_word' id='word_1_105' title='bbox 1015 1711 1129 1794; x_wconf 87' lang='lat' dir='ltr'>agitur,</span> <span class='ocrx_word' id='word_1_106' title='bbox 1144 1712 1253 1793; x_wconf 85' lang='lat' dir='ltr'>verba,</span> <span class='ocrx_word' id='word_1_107' title='bbox 1273 1716 1308 1776; x_wconf 91' lang='lat' dir='ltr'>ut</span> <span class='ocrx_word' id='word_1_108' title='bbox 1319 1711 1410 1778; x_wconf 81' lang='lat' dir='ltr'>Flor.</span> 
     </span>
    </p>

    <p class='ocr_par' dir='ltr' id='par_1_4' title="bbox 261 1809 1522 2196">
     <span class='ocr_line' id='line_1_14' title="bbox 266 1809 1416 1897; baseline 0.001 -20"><span class='ocrx_word' id='word_1_109' title='bbox 266 1814 308 1878; x_wconf 91' lang='grc' dir='ltr'>Π.</span> <span class='ocrx_word' id='word_1_110' title='bbox 323 1812 364 1878; x_wconf 87' lang='grc'>59</span> <span class='ocrx_word' id='word_1_111' title='bbox 389 1810 547 1897; x_wconf 75' lang='lat' dir='ltr'>Creophyli</span> <span class='ocrx_word' id='word_1_112' title='bbox 564 1810 752 1895; x_wconf 67' lang='lat' dir='ltr'>dampalam,</span> <span class='ocrx_word' id='word_1_113' title='bbox 775 1813 828 1896; x_wconf 85' lang='lat' dir='ltr'>qai</span> <span class='ocrx_word' id='word_1_114' title='bbox 843 1809 1022 1896; x_wconf 74' lang='lat' dir='ltr'>Creophylus</span> <span class='ocrx_word' id='word_1_115' title='bbox 1035 1818 1219 1874; x_wconf 82' lang='lat' dir='ltr'>memoratur</span> <span class='ocrx_word' id='word_1_116' title='bbox 1233 1815 1294 1876; x_wconf 80' lang='lat' dir='ltr'>etc.</span> <span class='ocrx_word' id='word_1_117' title='bbox 1309 1811 1351 1876; x_wconf 90' lang='lat' dir='ltr'>ib.</span> <span class='ocrx_word' id='word_1_118' title='bbox 1365 1813 1416 1878; x_wconf 88' lang='grc'>60.</span> 
     </span>
     <span class='ocr_line' id='line_1_15' title="bbox 266 1907 1522 1998; baseline -0.004 -19"><span class='ocrx_word' id='word_1_119' title='bbox 266 1913 418 1998; x_wconf 61' lang='lat' dir='ltr'>votaque,</span> <span class='ocrx_word' id='word_1_120' title='bbox 440 1932 514 1997; x_wconf 79' lang='lat' dir='ltr'>qaue</span> <span class='ocrx_word' id='word_1_121' title='bbox 527 1910 661 1974; x_wconf 83' lang='lat' dir='ltr'>uolantia</span> <span class='ocrx_word' id='word_1_122' title='bbox 670 1921 775 1996; x_wconf 80' lang='lat' dir='ltr'>poetae</span> <span class='ocrx_word' id='word_1_123' title='bbox 790 1911 949 1996; x_wconf 83' lang='lat' dir='ltr'>appellunt,</span> <span class='ocrx_word' id='word_1_124' title='bbox 965 1931 998 1973; x_wconf 86' lang='lat' dir='ltr'>ec</span> <span class='ocrx_word' id='word_1_125' title='bbox 1020 1909 1108 1973; x_wconf 79' lang='grc'><strong>11161</strong></span> <span class='ocrx_word' id='word_1_126' title='bbox 1127 1915 1189 1975; x_wconf 83' lang='lat' dir='ltr'>etc.</span> <span class='ocrx_word' id='word_1_127' title='bbox 1213 1907 1337 1973; x_wconf 88' lang='lat' dir='ltr'>Similia</span> <span class='ocrx_word' id='word_1_128' title='bbox 1350 1910 1416 1975; x_wconf 89' lang='lat' dir='ltr'>fre·</span> <span class='ocrx_word' id='word_1_129' title='bbox 1521 1935 1522 1948; x_wconf 56' lang='lat'>¹</span> 
     </span>
     <span class='ocr_line' id='line_1_16' title="bbox 272 2007 1414 2099; baseline 0 -21"><span class='ocrx_word' id='word_1_130' title='bbox 272 2013 420 2099; x_wconf 89' lang='lat' dir='ltr'>quentius</span> <span class='ocrx_word' id='word_1_131' title='bbox 443 2014 615 2075; x_wconf 88' lang='lat' dir='ltr'>occurrunt</span> <span class='ocrx_word' id='word_1_132' title='bbox 634 2009 668 2072; x_wconf 91' lang='lat' dir='ltr'>in</span> <span class='ocrx_word' id='word_1_133' title='bbox 687 2009 851 2094; x_wconf 83' lang='lat' dir='ltr'>Apologia</span> <span class='ocrx_word' id='word_1_134' title='bbox 872 2007 912 2075; x_wconf 73' lang='lat' dir='ltr'>cl&#39;.</span> <span class='ocrx_word' id='word_1_135' title='bbox 931 2028 963 2093; x_wconf 86' lang='lat' dir='ltr'>p.</span> <span class='ocrx_word' id='word_1_136' title='bbox 985 2010 1055 2076; x_wconf 87' lang='grc'><strong>387.</strong></span> <span class='ocrx_word' id='word_1_137' title='bbox 1070 2010 1141 2075; x_wconf 88' lang='grc'><strong>430.</strong></span> <span class='ocrx_word' id='word_1_138' title='bbox 1163 2009 1235 2075; x_wconf 79' lang='lat'><strong>442.</strong></span> <span class='ocrx_word' id='word_1_139' title='bbox 1254 2009 1327 2075; x_wconf 89' lang='grc'><strong>479.</strong></span> <span class='ocrx_word' id='word_1_140' title='bbox 1341 2011 1414 2078; x_wconf 84' lang='grc'><strong>509.</strong></span> 
     </span>
     <span class='ocr_line' id='line_1_17' title="bbox 261 2107 1418 2196; baseline -0.002 -18"><span class='ocrx_word' id='word_1_141' title='bbox 261 2113 332 2180; x_wconf 85' lang='grc'><strong>528.</strong></span> <span class='ocrx_word' id='word_1_142' title='bbox 353 2112 424 2177; x_wconf 91' lang='grc'><strong>578.</strong></span> <span class='ocrx_word' id='word_1_143' title='bbox 443 2110 505 2176; x_wconf 91' lang='grc'>586</span> <span class='ocrx_word' id='word_1_144' title='bbox 525 2119 561 2172; x_wconf 81' lang='lat' dir='ltr'>at</span> <span class='ocrx_word' id='word_1_145' title='bbox 575 2107 648 2191; x_wconf 71' lang='lat' dir='ltr'>filzia</span> <span class='ocrx_word' id='word_1_146' title='bbox 666 2111 823 2193; x_wconf 80' lang='lat' dir='ltr'>pecaniam</span> <span class='ocrx_word' id='word_1_147' title='bbox 844 2130 929 2174; x_wconf 80' lang='lat' dir='ltr'>auom</span> <span class='ocrx_word' id='word_1_148' title='bbox 951 2107 1174 2192; x_wconf 71' lang='lat' dir='ltr'>reposcentibus,</span> <span class='ocrx_word' id='word_1_149' title='bbox 1188 2109 1223 2176; x_wconf 83' lang='lat' dir='ltr'>de</span> <span class='ocrx_word' id='word_1_150' title='bbox 1244 2131 1300 2195; x_wconf 75' lang='lat' dir='ltr'>qaia</span> <span class='ocrx_word' id='word_1_151' title='bbox 1321 2132 1418 2196; x_wconf 78' lang='lat' dir='ltr'>capra</span> 
     </span>
    </p>

    <p class='ocr_par' dir='ltr' id='par_1_5' title="bbox 178 2207 1523 2988">
     <span class='ocr_line' id='line_1_18' title="bbox 178 2207 1431 2294; baseline 0.002 -22"><span class='ocrx_word' id='word_1_152' title='bbox 178 2268 179 2272; x_wconf 75' lang='grc'>,</span> <span class='ocrx_word' id='word_1_153' title='bbox 266 2215 415 2288; x_wconf 71' lang='lat' dir='ltr'>demerem,</span> <span class='ocrx_word' id='word_1_154' title='bbox 437 2222 471 2273; x_wconf 84' lang='lat' dir='ltr'>at</span> <span class='ocrx_word' id='word_1_155' title='bbox 492 2231 557 2274; x_wconf 85' lang='lat' dir='ltr'>eum</span> <span class='ocrx_word' id='word_1_156' title='bbox 572 2210 734 2294; x_wconf 78' lang='lat' dir='ltr'>pecuniam</span> <span class='ocrx_word' id='word_1_157' title='bbox 754 2209 896 2272; x_wconf 83' lang='lat' dir='ltr'>redderet.</span> <span class='ocrx_word' id='word_1_158' title='bbox 943 2207 1004 2272; x_wconf 81' lang='lat' dir='ltr'>Est</span> <span class='ocrx_word' id='word_1_159' title='bbox 1028 2207 1174 2271; x_wconf 87' lang='lat' dir='ltr'>nimirum</span> <span class='ocrx_word' id='word_1_160' title='bbox 1199 2211 1262 2275; x_wconf 88' lang='lat' dir='ltr'>hoc</span> <span class='ocrx_word' id='word_1_161' title='bbox 1284 2209 1431 2276; x_wconf 81' lang='lat' dir='ltr'>dicendi·</span> 
     </span>
     <span class='ocr_line' id='line_1_19' title="bbox 267 2307 1417 2397; baseline -0.002 -19"><span class='ocrx_word' id='word_1_162' title='bbox 267 2333 380 2397; x_wconf 84' lang='lat' dir='ltr'>genus,</span> <span class='ocrx_word' id='word_1_163' title='bbox 402 2317 438 2375; x_wconf 88' lang='lat' dir='ltr'>ut</span> <span class='ocrx_word' id='word_1_164' title='bbox 450 2312 496 2374; x_wconf 87' lang='lat' dir='ltr'>ita</span> <span class='ocrx_word' id='word_1_165' title='bbox 510 2309 622 2392; x_wconf 88' lang='lat' dir='ltr'>dicam,</span> <span class='ocrx_word' id='word_1_166' title='bbox 639 2309 794 2374; x_wconf 85' lang='lat' dir='ltr'>sollemne</span> <span class='ocrx_word' id='word_1_167' title='bbox 810 2308 843 2371; x_wconf 91' lang='lat' dir='ltr'>in</span> <span class='ocrx_word' id='word_1_168' title='bbox 853 2307 1029 2372; x_wconf 87' lang='lat' dir='ltr'>iudiciariis</span> <span class='ocrx_word' id='word_1_169' title='bbox 1044 2307 1235 2390; x_wconf 83' lang='lat' dir='ltr'>actionibus,</span> <span class='ocrx_word' id='word_1_170' title='bbox 1250 2310 1284 2374; x_wconf 93' lang='lat' dir='ltr'>in</span> <span class='ocrx_word' id='word_1_171' title='bbox 1300 2311 1417 2394; x_wconf 90' lang='lat' dir='ltr'>quibus</span> 
     </span>
     <span class='ocr_line' id='line_1_20' title="bbox 266 2407 1523 2498; baseline -0.006 -22"><span class='ocrx_word' id='word_1_172' title='bbox 266 2411 483 2498; x_wconf 82' lang='lat' dir='ltr'>perspicuitas</span> <span class='ocrx_word' id='word_1_173' title='bbox 495 2409 635 2474; x_wconf 88' lang='lat' dir='ltr'>oratoris</span> <span class='ocrx_word' id='word_1_174' title='bbox 646 2410 828 2473; x_wconf 85' lang='lat' dir='ltr'>summalex</span> <span class='ocrx_word' id='word_1_175' title='bbox 839 2414 904 2472; x_wconf 89' lang='lat' dir='ltr'>est:</span> <span class='ocrx_word' id='word_1_176' title='bbox 921 2407 979 2472; x_wconf 87' lang='lat' dir='ltr'>sed</span> <span class='ocrx_word' id='word_1_177' title='bbox 992 2407 1068 2470; x_wconf 89' lang='lat' dir='ltr'>inde</span> <span class='ocrx_word' id='word_1_178' title='bbox 1079 2409 1221 2474; x_wconf 81' lang='lat' dir='ltr'>manavit</span> <span class='ocrx_word' id='word_1_179' title='bbox 1232 2410 1330 2474; x_wconf 88' lang='lat' dir='ltr'>etiam</span> <span class='ocrx_word' id='word_1_180' title='bbox 1340 2411 1417 2474; x_wconf 93' lang='lat' dir='ltr'>mul·</span> <span class='ocrx_word' id='word_1_181' title='bbox 1522 2441 1523 2468; x_wconf 66' lang='lat'><em>3</em></span> 
     </span>
     <span class='ocr_line' id='line_1_21' title="bbox 270 2503 1418 2593; baseline 0 -17"><span class='ocrx_word' id='word_1_182' title='bbox 270 2511 410 2576; x_wconf 86' lang='lat' dir='ltr'>tilariam</span> <span class='ocrx_word' id='word_1_183' title='bbox 423 2511 455 2573; x_wconf 91' lang='lat' dir='ltr'>in</span> <span class='ocrx_word' id='word_1_184' title='bbox 468 2509 625 2593; x_wconf 87' lang='lat' dir='ltr'>reliquam</span> <span class='ocrx_word' id='word_1_185' title='bbox 641 2509 810 2593; x_wconf 87' lang='lat' dir='ltr'>scriptoris</span> <span class='ocrx_word' id='word_1_186' title='bbox 833 2508 1022 2573; x_wconf 86' lang='lat' dir='ltr'>orationem.</span> <span class='ocrx_word' id='word_1_187' title='bbox 1064 2503 1165 2571; x_wconf 81' lang='lat' dir='ltr'>Simili</span> <span class='ocrx_word' id='word_1_188' title='bbox 1186 2509 1282 2574; x_wconf 92' lang='lat' dir='ltr'>modo</span> <span class='ocrx_word' id='word_1_189' title='bbox 1306 2509 1418 2576; x_wconf 89' lang='lat' dir='ltr'>obser·</span> 
     </span>
     <span class='ocr_line' id='line_1_22' title="bbox 266 2606 1417 2692; baseline -0.002 -15"><span class='ocrx_word' id='word_1_190' title='bbox 266 2613 341 2677; x_wconf 84' lang='lat' dir='ltr'>vavi</span> <span class='ocrx_word' id='word_1_191' title='bbox 362 2611 508 2692; x_wconf 81' lang='lat' dir='ltr'>Gellium,</span> <span class='ocrx_word' id='word_1_192' title='bbox 532 2630 624 2692; x_wconf 88' lang='lat' dir='ltr'>quum</span> <span class='ocrx_word' id='word_1_193' title='bbox 645 2610 677 2674; x_wconf 93' lang='lat' dir='ltr'>in</span> <span class='ocrx_word' id='word_1_194' title='bbox 699 2609 898 2692; x_wconf 86' lang='lat' dir='ltr'>explicandis</span> <span class='ocrx_word' id='word_1_195' title='bbox 920 2627 1036 2672; x_wconf 85' lang='lat' dir='ltr'>uocum</span> <span class='ocrx_word' id='word_1_196' title='bbox 1057 2606 1233 2690; x_wconf 83' lang='lat' dir='ltr'>originibus</span> <span class='ocrx_word' id='word_1_197' title='bbox 1260 2616 1315 2675; x_wconf 84' lang='lat' dir='ltr'>aut</span> <span class='ocrx_word' id='word_1_198' title='bbox 1334 2611 1417 2676; x_wconf 86' lang='lat' dir='ltr'>refe·</span> 
     </span>
     <span class='ocr_line' id='line_1_23' title="bbox 266 2705 1419 2792; baseline -0.001 -16"><span class='ocrx_word' id='word_1_199' title='bbox 266 2713 376 2778; x_wconf 91' lang='lat' dir='ltr'>rendis</span> <span class='ocrx_word' id='word_1_200' title='bbox 404 2712 567 2776; x_wconf 85' lang='lat' dir='ltr'>veteribus</span> <span class='ocrx_word' id='word_1_201' title='bbox 596 2710 711 2775; x_wconf 88' lang='lat' dir='ltr'>edictis</span> <span class='ocrx_word' id='word_1_202' title='bbox 742 2709 932 2792; x_wconf 84' lang='lat' dir='ltr'>legibusque</span> <span class='ocrx_word' id='word_1_203' title='bbox 957 2705 987 2770; x_wconf 88' lang='lat' dir='ltr'>ei</span> <span class='ocrx_word' id='word_1_204' title='bbox 1014 2712 1163 2771; x_wconf 87' lang='lat' dir='ltr'>assuetus</span> <span class='ocrx_word' id='word_1_205' title='bbox 1191 2715 1290 2792; x_wconf 88' lang='lat' dir='ltr'>esset,</span> <span class='ocrx_word' id='word_1_206' title='bbox 1321 2712 1419 2776; x_wconf 88' lang='lat' dir='ltr'>etiam</span> 
     </span>
     <span class='ocr_line' id='line_1_24' title="bbox 267 2801 1513 2877; baseline -0.009 0"><span class='ocrx_word' id='word_1_207' title='bbox 267 2811 346 2877; x_wconf 89' lang='lat' dir='ltr'>alibi</span> <span class='ocrx_word' id='word_1_208' title='bbox 373 2831 412 2876; x_wconf 92' lang='lat' dir='ltr'>eo</span> <span class='ocrx_word' id='word_1_209' title='bbox 439 2811 540 2877; x_wconf 88' lang='lat' dir='ltr'>fuisse</span> <span class='ocrx_word' id='word_1_210' title='bbox 567 2801 656 2876; x_wconf 88' lang='lat' dir='ltr'>usum</span> <span class='ocrx_word' id='word_1_211' title='bbox 679 2810 720 2875; x_wconf 87' lang='lat' dir='ltr'>cf.</span> <span class='ocrx_word' id='word_1_212' title='bbox 740 2807 782 2872; x_wconf 85' lang='lat' dir='ltr'>N.</span> <span class='ocrx_word' id='word_1_213' title='bbox 800 2809 839 2873; x_wconf 87' lang='lat' dir='ltr'>A.</span> <span class='ocrx_word' id='word_1_214' title='bbox 860 2806 900 2871; x_wconf 85' lang='lat' dir='ltr'>V.</span> <span class='ocrx_word' id='word_1_215' title='bbox 921 2806 950 2872; x_wconf 94' lang='grc'>6.</span> <span class='ocrx_word' id='word_1_216' title='bbox 976 2806 1024 2872; x_wconf 90' lang='grc'>14.</span> <span class='ocrx_word' id='word_1_217' title='bbox 1046 2806 1087 2872; x_wconf 84' lang='lat' dir='ltr'>V.</span> <span class='ocrx_word' id='word_1_218' title='bbox 1111 2805 1159 2873; x_wconf 88' lang='grc'>14.</span> <span class='ocrx_word' id='word_1_219' title='bbox 1179 2808 1208 2873; x_wconf 90' lang='grc'><strong>9.</strong></span> <span class='ocrx_word' id='word_1_220' title='bbox 1229 2809 1303 2875; x_wconf 86' lang='lat' dir='ltr'><strong>VII.</strong></span> <span class='ocrx_word' id='word_1_221' title='bbox 1321 2810 1371 2877; x_wconf 87' lang='lat'>10.</span> <span class='ocrx_word' id='word_1_222' title='bbox 1387 2812 1417 2877; x_wconf 84' lang='lat'>2.</span> <span class='ocrx_word' id='word_1_223' title='bbox 1506 2847 1513 2866; x_wconf 89' lang='lat'><strong><em>.</em></strong></span> 
     </span>
     <span class='ocr_line' id='line_1_25' title="bbox 268 2907 889 2988; baseline -0.005 -12"><span class='ocrx_word' id='word_1_224' title='bbox 268 2912 357 2988; x_wconf 81' lang='lat' dir='ltr'>XIV.</span> <span class='ocrx_word' id='word_1_225' title='bbox 375 2911 402 2976; x_wconf 89' lang='lat'>1.</span> <span class='ocrx_word' id='word_1_226' title='bbox 417 2912 448 2976; x_wconf 83' lang='lat'>4.</span> <span class='ocrx_word' id='word_1_227' title='bbox 474 2910 581 2977; x_wconf 87' lang='lat' dir='ltr'><strong>XVII.</strong></span> <span class='ocrx_word' id='word_1_228' title='bbox 600 2911 648 2976; x_wconf 89' lang='lat'>19.</span> <span class='ocrx_word' id='word_1_229' title='bbox 663 2911 692 2975; x_wconf 83' lang='lat'>3.</span> <span class='ocrx_word' id='word_1_230' title='bbox 706 2907 781 2972; x_wconf 86' lang='lat' dir='ltr'>XV.</span> <span class='ocrx_word' id='word_1_231' title='bbox 798 2908 845 2973; x_wconf 88' lang='lat'>10.</span> <span class='ocrx_word' id='word_1_232' title='bbox 860 2907 889 2973; x_wconf 79' lang='lat'>2.</span> 
     </span>
    </p>

    <p class='ocr_par' dir='ltr' id='par_1_6' title="bbox 265 3007 1419 3695">
     <span class='ocr_line' id='line_1_26' title="bbox 348 3007 1419 3091; baseline -0.002 -15"><span class='ocrx_word' id='word_1_233' title='bbox 348 3011 469 3076; x_wconf 90' lang='lat' dir='ltr'>Verum</span> <span class='ocrx_word' id='word_1_234' title='bbox 489 3009 668 3076; x_wconf 87' lang='lat' dir='ltr'>huiusmodi</span> <span class='ocrx_word' id='word_1_235' title='bbox 690 3007 833 3091; x_wconf 85' lang='lat' dir='ltr'>singulas</span> <span class='ocrx_word' id='word_1_236' title='bbox 851 3007 1096 3073; x_wconf 85' lang='lat' dir='ltr'>observationes</span> <span class='ocrx_word' id='word_1_237' title='bbox 1119 3007 1259 3072; x_wconf 88' lang='lat' dir='ltr'>arbitror</span> <span class='ocrx_word' id='word_1_238' title='bbox 1280 3010 1419 3074; x_wconf 87' lang='lat' dir='ltr'>fructum</span> 
     </span>
     <span class='ocr_line' id='line_1_27' title="bbox 267 3106 1417 3200; baseline -0.002 -22"><span class='ocrx_word' id='word_1_239' title='bbox 267 3113 383 3178; x_wconf 88' lang='lat' dir='ltr'>afferre</span> <span class='ocrx_word' id='word_1_240' title='bbox 404 3112 571 3190; x_wconf 88' lang='lat' dir='ltr'>minimum,</span> <span class='ocrx_word' id='word_1_241' title='bbox 595 3109 668 3192; x_wconf 88' lang='lat' dir='ltr'>quia</span> <span class='ocrx_word' id='word_1_242' title='bbox 689 3107 781 3173; x_wconf 86' lang='lat' dir='ltr'>nimis</span> <span class='ocrx_word' id='word_1_243' title='bbox 805 3106 907 3200; x_wconf 86' lang='lat' dir='ltr'>exiles</span> <span class='ocrx_word' id='word_1_244' title='bbox 930 3112 1004 3170; x_wconf 88' lang='lat' dir='ltr'>sunt</span> <span class='ocrx_word' id='word_1_245' title='bbox 1018 3108 1292 3190; x_wconf 89' lang='lat' dir='ltr'>atquedisiectae.</span> <span class='ocrx_word' id='word_1_246' title='bbox 1316 3110 1417 3176; x_wconf 87' lang='lat' dir='ltr'>Prae-</span> 
     </span>
     <span class='ocr_line' id='line_1_28' title="bbox 267 3206 1417 3298; baseline -0.003 -20"><span class='ocrx_word' id='word_1_247' title='bbox 267 3222 371 3294; x_wconf 84' lang='lat' dir='ltr'>terea,</span> <span class='ocrx_word' id='word_1_248' title='bbox 407 3231 470 3298; x_wconf 91' lang='lat' dir='ltr'>quo</span> <span class='ocrx_word' id='word_1_249' title='bbox 493 3209 609 3275; x_wconf 88' lang='lat' dir='ltr'>diutius</span> <span class='ocrx_word' id='word_1_250' title='bbox 634 3208 668 3272; x_wconf 87' lang='lat' dir='ltr'>in</span> <span class='ocrx_word' id='word_1_251' title='bbox 693 3208 734 3272; x_wconf 89' lang='lat' dir='ltr'>iis</span> <span class='ocrx_word' id='word_1_252' title='bbox 755 3226 873 3286; x_wconf 87' lang='lat' dir='ltr'>moror,</span> <span class='ocrx_word' id='word_1_253' title='bbox 905 3225 945 3272; x_wconf 92' lang='lat' dir='ltr'>eo</span> <span class='ocrx_word' id='word_1_254' title='bbox 972 3206 1081 3290; x_wconf 89' lang='lat' dir='ltr'>plures</span> <span class='ocrx_word' id='word_1_255' title='bbox 1110 3208 1185 3272; x_wconf 91' lang='lat' dir='ltr'>mihi</span> <span class='ocrx_word' id='word_1_256' title='bbox 1213 3211 1417 3290; x_wconf 85' lang='lat' dir='ltr'>subveniunt,</span> 
     </span>
     <span class='ocr_line' id='line_1_29' title="bbox 268 3307 1418 3396; baseline -0.002 -20"><span class='ocrx_word' id='word_1_257' title='bbox 268 3332 347 3396; x_wconf 88' lang='lat' dir='ltr'>quas</span> <span class='ocrx_word' id='word_1_258' title='bbox 370 3331 481 3378; x_wconf 86' lang='lat' dir='ltr'>omnes</span> <span class='ocrx_word' id='word_1_259' title='bbox 498 3330 564 3375; x_wconf 90' lang='lat' dir='ltr'>non</span> <span class='ocrx_word' id='word_1_260' title='bbox 584 3309 723 3373; x_wconf 87' lang='lat' dir='ltr'>libenter</span> <span class='ocrx_word' id='word_1_261' title='bbox 745 3307 914 3387; x_wconf 85' lang='lat' dir='ltr'>omiserim,</span> <span class='ocrx_word' id='word_1_262' title='bbox 937 3327 1017 3390; x_wconf 85' lang='lat' dir='ltr'>quas</span> <span class='ocrx_word' id='word_1_263' title='bbox 1036 3313 1144 3372; x_wconf 89' lang='lat' dir='ltr'>tamen</span> <span class='ocrx_word' id='word_1_264' title='bbox 1163 3310 1323 3391; x_wconf 90' lang='lat' dir='ltr'>quomodo</span> <span class='ocrx_word' id='word_1_265' title='bbox 1339 3316 1418 3394; x_wconf 89' lang='lat' dir='ltr'>apte</span> 
     </span>
     <span class='ocr_line' id='line_1_30' title="bbox 268 3407 1417 3496; baseline 0.001 -21"><span class='ocrx_word' id='word_1_266' title='bbox 268 3412 420 3496; x_wconf 87' lang='lat' dir='ltr'>colligam</span> <span class='ocrx_word' id='word_1_267' title='bbox 441 3415 537 3494; x_wconf 87' lang='lat' dir='ltr'>atque</span> <span class='ocrx_word' id='word_1_268' title='bbox 557 3408 750 3491; x_wconf 86' lang='lat' dir='ltr'>coniungam</span> <span class='ocrx_word' id='word_1_269' title='bbox 764 3407 848 3471; x_wconf 89' lang='lat' dir='ltr'>inter</span> <span class='ocrx_word' id='word_1_270' title='bbox 863 3425 935 3472; x_wconf 87' lang='lat' dir='ltr'>sese</span> <span class='ocrx_word' id='word_1_271' title='bbox 949 3407 1073 3472; x_wconf 87' lang='lat' dir='ltr'>nescio.</span> <span class='ocrx_word' id='word_1_272' title='bbox 1095 3408 1209 3490; x_wconf 90' lang='lat' dir='ltr'>Itaque</span> <span class='ocrx_word' id='word_1_273' title='bbox 1225 3427 1265 3472; x_wconf 88' lang='lat' dir='ltr'>ne</span> <span class='ocrx_word' id='word_1_274' title='bbox 1284 3409 1417 3494; x_wconf 86' lang='lat' dir='ltr'>longius</span> 
     </span>
     <span class='ocr_line' id='line_1_31' title="bbox 265 3507 1416 3595; baseline -0.002 -19"><span class='ocrx_word' id='word_1_275' title='bbox 265 3511 479 3595; x_wconf 87' lang='lat' dir='ltr'>producerem</span> <span class='ocrx_word' id='word_1_276' title='bbox 504 3529 628 3574; x_wconf 86' lang='lat' dir='ltr'>cassum</span> <span class='ocrx_word' id='word_1_277' title='bbox 653 3507 807 3588; x_wconf 84' lang='lat' dir='ltr'>laborem,</span> <span class='ocrx_word' id='word_1_278' title='bbox 836 3507 935 3574; x_wconf 80' lang='lat' dir='ltr'>staturi</span> <span class='ocrx_word' id='word_1_279' title='bbox 959 3507 1043 3571; x_wconf 91' lang='lat' dir='ltr'>hunc</span> <span class='ocrx_word' id='word_1_280' title='bbox 1070 3508 1251 3592; x_wconf 84' lang='lat' dir='ltr'>quaestioni</span> <span class='ocrx_word' id='word_1_281' title='bbox 1277 3509 1340 3573; x_wconf 88' lang='lat' dir='ltr'>toti</span> <span class='ocrx_word' id='word_1_282' title='bbox 1359 3510 1416 3574; x_wconf 92' lang='lat' dir='ltr'>im·</span> 
     </span>
     <span class='ocr_line' id='line_1_32' title="bbox 266 3610 513 3695; baseline -0.008 -20"><span class='ocrx_word' id='word_1_283' title='bbox 266 3629 389 3695; x_wconf 88' lang='lat' dir='ltr'>ponere</span> <span class='ocrx_word' id='word_1_284' title='bbox 409 3610 513 3674; x_wconf 87' lang='lat' dir='ltr'>finem.</span> 
     </span>
    </p>
   </div>
   <div class='ocr_carea' id='block_1_3' title="bbox 0 0 1539 5310">
    <p class='ocr_par' dir='ltr' id='par_1_7' title="bbox 0 0 1539 5310">
     <span class='ocr_line' id='line_1_33' title="bbox 0 0 1539 5310; baseline 0 0"><span class='ocrx_word' id='word_1_285' title='bbox 0 0 1539 5310; x_wconf 95' lang='lat' dir='ltr'> </span> 
     </span>
    </p>
   </div>
  </div>
 </body>
</html>
