3128 5300
808 371 851 436 20

253 567 312 632 162
333 567 454 630 Desine
476 568 547 650 iam,
581 588 708 651 precor,
738 572 863 636 desine.
896 572 938 634 il.
975 571 1034 636 164
1060 557 1153 633 Dabo
1182 569 1294 652 inquit,
1318 569 1408 632 dabo

249 667 352 731 vobis.
396 662 433 729 X.
456 668 516 733 697
538 669 613 732 Non
635 671 747 752 patiar,
764 671 874 754 inquit,
896 671 1045 736 hercules
1068 669 1258 750 nonpatiar,
1282 675 1316 731 et
1339 668 1406 730 alia

250 765 291 830 cf.
314 767 356 831 M.
371 761 425 830 Xli
449 769 519 833 783.
541 769 600 832 Ill.
623 770 693 834 201.
718 771 806 835 Flor.
829 772 853 836 l.
874 773 923 837 29.
942 771 999 834 ΙΙΙ.
1024 770 1073 834 62.
1093 769 1141 832 72.
1166 767 1317 831 Ceterum
1342 767 1407 831 sin-

250 866 342 950 gulas
364 866 547 932 locutiones
570 871 717 951 poeticus
742 872 782 934 ad
811 877 932 934 eertum
960 870 1123 934 cniusdam
1151 873 1271 950 poetae
1301 867 1410 930 locum

249 966 373 1030 referre
385 966 417 1045 *l
440 987 506 1032 non
535 989 656 1052 operae
680 976 732 1034 est
757 971 905 1053 pretium.
965 969 1045 1034 Sunt
1067 969 1150 1032 enim
1172 987 1212 1030 cx
1238 966 1411 1048 scriptoris

249 1065 448 1148 linguaeque
469 1067 579 1132 indole
601 1070 781 1152 proiectae,
810 1090 875 1132 uon
904 1089 944 1132 er
972 1075 1138 1152 poetarum
1165 1066 1308 1130 lectione
1333 1087 1410 1128 con-

251 1165 410 1232 formatae
433 1167 530 1249 idque
554 1169 628 1234 inde
652 1170 747 1233 etiam
770 1169 890 1250 patefit,
921 1169 1006 1251 quod
1032 1168 1183 1250 profecto
1212 1187 1277 1228 non
1300 1166 1411 1248 potnit

229 1266 370 1330 imitari
392 1267 603 1332 Claudianum
625 1269 720 1351 Rapt.
748 1269 841 1332 Pros.
872 1270 913 1332 ll.
950 1268 1003 1332 25:
1041 1269 1125 1332 Ante
1160 1289 1262 1350 genas
1293 1267 1410 1331 dulces

253 1387 347 1448 quam
368 1368 427 1432 llos
450 1368 599 1431 iuvenilis
621 1368 789 1449 inumbrat,
814 1389 908 1450 quum
931 1369 1061 1451 scripsit
1083 1369 1122 1431 M.
1139 1368 1177 1432 l'.
1190 1366 1251 1431 335
1273 1369 1409 1428 r'ccerreru

253 1513 260 1528 .
286 1517 292 1531 .
316 1467 441 1529 barbitio
461 1488 553 1550 penus
575 1468 803 1532 inumbra-atem.

269 1588 275 1602 ·
335 1568 441 1647 Atque
473 1587 542 1630 cum
570 1566 632 1628 hoc
666 1568 823 1632 orationis
857 1568 987 1649 poetico
1017 1568 1127 1632 colore
1157 1569 1247 1650 quasi
1271 1563 1411 1632 eiterno

253 1673 342 1732 arcte
367 1668 522 1731 cohaeret
546 1669 649 1732 omnis
671 1668 758 1732 modi
779 1669 1020 1731 translationum
1046 1689 1117 1732 usus
1145 1668 1340 1732 liberrimus:
1367 1670 1410 1732 de

255 1788 317 1850 quo
340 1788 424 1830 nunc
448 1767 674 1848 disputandum
699 1773 757 1831 est.
791 1767 872 1830 Nam
896 1767 1071 1830 abundanti
1095 1787 1203 1830 earum
1225 1769 1413 1851 frequentia

251 1867 470 1948 insolentique
501 1867 637 1930 audacia
659 1867 798 1931 efficitur
821 1869 976 1931 orationis
999 1890 1064 1930 non
1085 1867 1166 1930 lenis
1190 1889 1293 1950 noque
1317 1869 1411 1932 omit-

252 1966 352 2030 tenda
371 1967 566 2048 proprietas.
613 1965 841 2030 Secernendae
873 1974 977 2030 antem
1002 1969 1133 2050 primum
1158 1974 1231 2030 snut
1252 1968 1411 2050 imagines

250 2066 352 2130 fusius
374 2084 434 2147 per
455 2073 556 2130 totum
585 2067 843 2130 enunciationum
872 2069 1022 2132 ambitum
1037 2070 1216 2152 productae
1233 2073 1266 2130 et
1281 2067 1413 2149 singula

251 2167 353 2230 verba
376 2167 565 2249 simpliciter
587 2167 761 2230 translata:
786 2187 867 2250 quae
883 2169 1018 2250 quidem,
1043 2168 1135 2251 quale
1153 2174 1224 2230 crat
1239 2167 1412 2248 scriptoris

251 2266 424 2348 ingenium,
449 2273 516 2342 ,aut
543 2273 692 2331 contorte
719 2273 844 2330 etcum
872 2267 969 2332 nimia
996 2269 1203 2332 affectatione
1232 2271 1286 2328 aut
1307 2286 1411 2348 prave

253 2373 350 2450 atque
365 2367 550 2458 'improprie
572 2373 729 2450 usurpata
752 2375 834 2432 suut.
868 2370 915 2430 Ac
935 2369 1069 2450 primunr
1091 2368 1217 2449 quidem
1233 2386 1293 2448 per
1306 2371 1413 2428 totam

254 2467 447 2530 sententiam
481 2467 637 2549 Apuleius
670 2488 745 2530 raro
778 2472 913 2550 figurate
949 2467 1106 2550 loquitur:
1145 2467 1262 2548 inquo
1290 2465 1322 2528 id
1345 2485 1410 2528 nos

251 2566 387 2630 maxime
410 2568 532 2649 taedet,
556 2567 643 2649 quod
657 2587 724 2630 rem
747 2569 898 2630 collatam
918 2568 1067 2632 inmiscet
1088 2575 1194 2648 tropo,
1219 2589 1281 2650 quo
1306 2567 1410 2629 utitur

255 2667 449 2749 mixtamque
478 2668 523 2730 ita
552 2669 825 2751 comparationem
847 2675 911 2732 tam
928 2675 1077 2730 accurate
1102 2675 1219 2747 serrat,
1255 2675 1289 2729 ut
1311 2667 1413 2730 nimia

251 2767 316 2832 ista
339 2767 548 2832 observantia
570 2768 725 2846 deleatur,
755 2769 796 2830 ad
820 2769 906 2850 quod
929 2767 1031 2832 solum
1053 2767 1258 2848 rnctapboras
1282 2767 1412 2830 deside-

251 2887 367 2950 ramus,
389 2869 547 2933 orationis
569 2878 635 2932 tum
656 2875 810 2933 venustas
833 2875 899 2931 tum
922 2867 1141 2948 congruentia.
1178 2868 1270 2930 Velut
1287 2867 1349 2929 hoc
1367 2867 1411 2930 de

252 2966 397 3049 Psyches
421 2969 587 3034 sororibus
609 2968 759 3032 tumidius
783 2973 878 3051 atque
900 2965 1074 3049 inlepidius
1098 2966 1216 3028 dictum
1237 2974 1287 3031 est
1308 2967 1349 3030 M.
1373 2967 1410 3032 V.

253 3065 314 3132 355
338 3066 422 3131 Tunc
442 3070 644 3132 iuncturam
661 3069 760 3154 portis
776 3068 947 3154 putentibus
968 3067 1116 3130 nudatum
1138 3068 1251 3129 sororis
1273 3068 1412 3129 oninium

249 3167 440 3252 facinorosae
466 3168 613 3244 mulieres,
650 3169 768 3233 omissis
794 3180 883 3232 tectae
912 3167 1067 3230 mortibus
1090 3166 1231 3248 latibulis,
1263 3165 1412 3228 destrictis

251 3266 361 3350 gladiis
389 3269 548 3352 frondium
578 3269 722 3352 sr'niplicis
743 3267 863 3354 puellae
878 3279 1020 3352 pauentes
1042 3269 1230 3350 capitationis
1252 3264 1409 3327 invadunt.

251 3365 337 3430 Illud
359 3367 456 3432 etiam
478 3369 520 3434 M.
543 3371 577 3436 V.
602 3369 711 3434 344..
734 3371 856 3452 sanquis
878 3370 1017 3431 iuimicus
1039 3369 1099 3430 ium
1121 3367 1246 3449 sumpsit
1267 3385 1354 3426 ormo
1383 3378 1413 3428 et

253 3477 353 3532 rostro
381 3470 537 3547 commorit
564 3481 589 3534 et
616 3471 708 3533 ocrem
734 3469 845 3532 dr'rercit
871 3481 896 3532 et
918 3470 1074 3533 classicum
1102 3467 1272 3554 personarit
1301 3464 1409 3526 simili-

251 3565 372 3631 tudinis
408 3569 505 3632 nimia
540 3569 754 3652 productione
786 3571 871 3653 parit
904 3569 1053 3634 taedium.
1098 3567 1288 3650 Separatum
1307 3571 1407 3629 meta·

251 3666 374 3750 phorae
398 3687 510 3751 genus,
548 3670 610 3733 iam
633 3670 708 3734 inde
732 3691 752 3734 a
772 3671 880 3752 poetis
914 3668 1051 3752 Augusti
1080 3675 1187 3731 aetate
1217 3666 1407 3730 florentibus

251 3759 488 3851 frequentatum
511 3770 605 3834 stab
629 3770 766 3854 Apuleio
789 3789 848 3852 per
859 3775 930 3832 tota
952 3768 1060 3850 capita
1070 3768 1218 3831 taediose
1242 3766 1405 3830 continua·

251 3875 318 3933 tum
339 3869 373 3933 id
399 3876 459 3952 est,
489 3870 575 3952 quod
597 3890 638 3932 ex
659 3869 806 3933 militaris
835 3868 1026 3950 disciplinae
1053 3868 1254 3950 proprietate
1283 3867 1407 3929 desum-

251 3974 341 4052 ptum
360 3971 556 4034 translertur
579 3970 620 4032 ad
651 3989 705 4034 res
743 3971 916 4033 amatorias
950 3965 994 4052 (in
1024 3969 1138 4050 quibus
1167 3967 1249 4030 uliae
1278 3983 1405 4048 quoque

251 4069 484 4135 translationes
521 4070 710 4152 frequentes
747 4075 835 4135 sunt:
870 4070 911 4135 M.
934 4071 974 4135 ll.
999 4071 1059 4134 116
1084 4069 1140 4134 buc
1162 4069 1241 4131 enim
1262 4063 1407 4130 sitarchia

318 4249 346 4316 1)
380 4249 457 4303 velut
480 4251 517 4303 M.
540 4249 592 4304 IV.
616 4247 666 4304 290
688 4249 808 4302 assiduis
832 4249 1000 4320 singultibus
1027 4252 1075 4305 ilia
1103 4249 1230 4320 quatiens
1260 4247 1295 4332 qd
1319 4247 1405 4314 Verg.

173 4345 175 4354 “
251 4336 324 4390 Aen.
341 4331 391 4386 tx„
415 4333 465 4386 trs
488 4335 580 4402 longis
605 4332 773 4402 singultibus
796 4333 844 4387 ilia
863 4334 976 4404 pulsant
997 4338 1043 4390 vel
1066 4337 1132 4390 Vll.
1154 4335 1202 4390 sou
1220 4333 1285 4385 vino
1304 4329 1407 4400 sepulti

251 4417 382 4472 iacebant
399 4416 442 4471 ad.
459 4417 577 4472 Ennium
588 4423 617 4472 st
628 4419 714 4488 Verg.
736 4417 809 4470 Aen.
826 4417 861 4470 II.
880 4418 928 4472 265
947 4458 952 4471 .
970 4459 976 4472 .
995 4421 1114 4488 vinoque
1125 4421 1275 4488 sepultam,
1294 4417 1338 4470 vel
1355 4414 1408 4470 111.

252 4501 302 4556 206
320 4499 438 4572 capillos
457 4541 463 4554 .
481 4540 487 4553 .
506 4501 553 4554 dat
573 4501 642 4558 vivis
662 4498 831 4558 carbonibus
850 4501 1002 4560 adolendos
1020 4503 1055 4558 ad
1074 4502 1125 4556 Ov.
1143 4503 1222 4559 Fast.
1240 4503 1290 4560 III.
1308 4501 1358 4556 803
1375 4541 1405 4554 ..

252 4583 366 4642 flammis
386 4581 528 4639 adolenda
543 4583 675 4646 dedisset.
