3128 5300
679 397 742 466 *aa

144 596 276 664 insolita
298 603 332 662 et
355 604 409 663 aut
435 619 590 683 nusquam
612 603 666 664 aut
694 605 783 665 certe
811 621 886 666 rara
912 606 1036 666 tantum
1055 606 1188 685 praeter
1209 599 1294 686 Apu·

143 698 241 762 leium
265 699 498 782 reperirentur.
524 700 648 764 Dehinc
665 720 745 782 opus
761 707 832 764 erat
853 703 989 786 singula,
1012 722 1093 786 quae
1108 703 1204 787 plane
1219 709 1299 768 nota

147 800 330 882 usitataque
360 802 400 864 ab
421 802 562 884 Apuleio
589 801 721 865 notione
750 822 770 864 a
795 808 886 866 recta
907 803 1038 868 dicendi
1058 823 1171 866 norma
1192 803 1299 866 aliena

143 903 301 982 usurpata
319 908 401 981 sunt,
425 902 580 984 deinceps
602 906 820 983 pertractare:
847 905 933 969 inter
963 924 1044 987 quae
1072 923 1152 986 prae
1179 905 1298 968 ceteris

145 999 302 1064 adverbia
322 1001 559 1083 pronominalis
580 1001 753 1065 referenda
773 1009 855 1069 sunt.
905 1002 1002 1068 Ouius
1026 1004 1235 1086 quaestionis,
1257 1023 1298 1066 ue

142 1099 176 1162 in
202 1105 268 1163 tam
303 1101 462 1184 dissipata
489 1103 623 1167 materia
650 1101 743 1165 nimis
773 1102 970 1188 dissecetur,
1012 1104 1118 1185 aptius
1147 1104 1301 1168 offeretur

147 1201 278 1264 occasio
292 1201 324 1263 in
339 1207 433 1283 parte
447 1201 559 1282 altera,
572 1203 624 1266 ubi
639 1203 679 1264 de
694 1202 1006 1287 universaiungendi
1018 1205 1145 1268 ratione
1157 1203 1299 1285 inibique

149 1301 189 1364 de
212 1303 442 1385 particularum
462 1303 552 1366 vario
577 1322 698 1386 genere
721 1303 822 1368 fusius
846 1303 907 1368 erit
930 1303 1166 1387 disputandum.

227 1403 336 1484 Atque
353 1421 446 1484 quum
461 1402 522 1465 hue
535 1422 636 1485 usque
657 1405 704 1467 ita
720 1404 814 1468 uobis
830 1423 1006 1486 progressa
1029 1404 1070 1468 sit
1093 1401 1250 1486 quaesti0,
1266 1406 1302 1465 ut

149 1503 257 1564 omnia
272 1501 524 1584 amplecteretur
543 1503 711 1586 vocabula,
729 1506 888 1586 apposita,
906 1503 1059 1567 adverbia
1074 1503 1182 1586 aliquo
1205 1503 1301 1567 modo

142 1600 291 1683 illustria,
310 1607 418 1664 tamen
440 1623 467 1670 a,
483 1607 573 1666 certo
596 1622 717 1684 genere
743 1623 853 1667 eorum
881 1604 1014 1670 retinuit
1036 1623 1108 1668 sese
1132 1609 1166 1667 et
1188 1603 1296 1687 ampli-

151 1700 260 1763 tudine
285 1705 318 1763 et
350 1703 510 1784 gravitate
544 1704 739 1785 spectando:
774 1705 967 1767 deminutiva
1002 1703 1085 1767 dico.
1141 1703 1297 1770 Caussam

142 1800 362 1883 rationesque,
389 1810 468 1884 quas'
493 1808 621 1868 secutus
644 1803 784 1886 scriptor
804 1804 838 1866 in
860 1825 920 1868 usu
935 1825 1045 1868 eorum
1066 1805 1210 1869 inaudito
1234 1804 1301 1888 plu·

145 1899 245 1964 rimus
268 1908 327 1983 est,
354 1901 417 1963 iam
445 1902 694 1984 significavimus
724 1924 830 1986 supra.
879 1905 965 1967 Ante
996 1904 1104 1967 omnia
1131 1904 1240 1990 igitur¹
1259 1903 1299 1968 iis

145 2001 305 2084 appetivit
326 2003 482 2066 sermonis
504 2009 569 2065 tum
591 2006 789 2086 petulantem
803 2003 972 2069 lasciviam
993 2011 1059 2067 tum
1073 2004 1228 2068 ridiculas
1251 2004 1297 2068 fa·

146 2103 267 2182 eetias;
289 2102 406 2167 deinde
427 2102 582 2166 nonnulla
605 2124 645 2166 ex
659 2105 797 2167 blandae
822 2105 988 2169 cniusdam
1010 2124 1048 2167 ae
1071 2100 1216 2186 vulgaris
1237 2123 1302 2168 ser·

144 2203 372 2267 mocinatiouis
411 2203 613 2286 proprietate
647 2211 870 2286 manaverunt,
902 2224 1130 2286 nonnunquam
1163 2204 1302 2287 denique

147 2308 293 2368 sectatus
317 2310 367 2384 est
389 2305 486 2368 etiam
507 2305 579 2368 soni
602 2306 759 2386 quandam
782 2304 1033 2388 amplitudinem,
1091 2303 1140 2366 De
1161 2304 1303 2367 naturali

148 2422 261 2467 eorum
283 2403 315 2465 vi
337 2409 370 2466 et
385 2404 574 2488 quibusdam
588 2404 804 2487 peculiaribus
831 2403 1121 2486 significationibus
1145 2422 1303 2485 quaerere

147 2504 361 2586 supersede0,
382 2525 476 2588 quum
499 2505 539 2567 de
571 2525 611 2568 ea
631 2523 666 2566 re
687 2505 874 2586 plenissime
898 2508 994 2585 atque
1017 2508 1174 2585 peracute
1196 2503 1302 2585 dispu-

145 2603 268 2667 taverit
280 2602 318 2668 G.
333 2603 449 2666 Miiller
466 2603 511 2666 Dc
533 2603 652 2686 lcchue
668 2604 794 2668 Lotrboe
812 2603 1000 2667 domabatiois
1015 2599 1058 2684 (p.
1080 2602 1130 2667 56.
1146 2600 1220 2686 92).
1235 2601 1300 2666 Hic

148 2703 231 2767 satis
255 2703 297 2765 sit
319 2708 471 2782 statuere,
509 2723 580 2767 eum
607 2704 641 2766 iu
667 2704 860 2787 usurpandis
888 2704 928 2768 iis
956 2703 1123 2785 plurimum
1142 2721 1248 2784 neque
1271 2702 1304 2781 in

148 2801 373 2884 confingendis
395 2802 488 2867 novis
515 2803 715 2868 moderatum
742 2805 853 2886 fuisse,
883 2802 1028 2881 omnium,
1058 2801 1209 2885 quiante
1235 2821 1306 2864 eum

149 2901 426 2984 scriptitaverunt,
443 2891 708 2968 consuetudinem
729 2904 829 2988 louge
852 2924 1028 2986 egressum.
1073 2901 1178 2966 Unum
1201 2921 1305 2966 exem·

146 3002 237 3083 plum
261 3007 334 3065 ante
356 3002 455 3066 liceat
475 3023 669 3087 proponere,
699 3026 762 3087 quo
786 3006 1031 3085 demonstretur,
1056 3022 1150 3084 quam
1172 3002 1306 3084 profuse
1331 3009 1338 3017 “

149 3122 190 3166 ac
212 3101 395 3190 libidinose,
421 3100 608 3186 (praecipue
624 3105 657 3167 in
673 3105 946 3187 descriptionibus
964 3102 1230 3184 sermonibusque
1254 3121 1308 3164 vo-

145 3201 308 3285 luptariis,
333 3203 446 3284 quibus
472 3201 590 3284 scatet)
612 3204 651 3268 iis
673 3205 851 3268 luxuriatur
871 3204 913 3269 Μ.
929 3204 971 3268 Π.
988 3203 1048 3267 103
1071 3203 1144 3286 ipsc
1165 3200 1245 3264 liaeo
1261 3211 1307 3262 tu-

146 3302 223 3366 nica
243 3300 384 3365 mundule
405 3305 514 3366 amicto
534 3313 561 3366 et
581 3325 685 3368 russea
709 3305 834 3386 fasciolo
856 3305 1044 3390 praenitente
1071 3300 1226 3365 alttbsculc
1255 3298 1309 3362 sub
1348 3283 1366 3306 *

136 3403 235 3486 'ipsas
251 3401 385 3485 pupillos
405 3403 589 3467 succcbctulc
614 3404 691 3468 illud
712 3405 858 3468 ciborium
879 3403 1034 3467 associum
1052 3391 1170 3486 floridis
1186 3399 1308 3484 polmu-

147 3503 189 3565 lr's
214 3501 334 3564 rotabat
354 3503 386 3564 ia
401 3502 562 3566 circulum:
582 3503 632 3568 his
649 3505 772 3568 duobus
789 3505 919 3570 circiter
934 3503 1092 3582 versibus,
1110 3501 1138 3566 si
1153 3503 1307 3564 accurate

148 3601 342 3684 numeraris,
366 3602 512 3668 invenies
529 3608 603 3668 octo
618 3605 652 3667 in
666 3603 769 3687 iisque
787 3604 966 3688 compluria
979 3603 1173 3666 insolentius
1189 3606 1311 3664 novata

149 3703 359 3767 deminutiva.
383 3700 450 3766 Sed
463 3704 526 3766 iam
548 3703 739 3768 accedamus
762 3704 803 3767 ad
826 3703 1029 3770 substantiva
1050 3722 1136 3764 nova
1159 3705 1213 3762 aut
1234 3718 1311 3762 rara

149 3803 269 3866 ordine
287 3805 505 3868 enumeranda
520 3803 778 3884 declinationum,
795 3825 861 3867 non
874 3803 985 3867 habita
1007 3800 1198 3883 simplicium
1213 3817 1309 3862 voea-

147 3903 302 3968 bulorum
324 3903 549 3969 declinationis
571 3903 710 3967 ratione.
759 3901 794 3966 si
823 3905 908 3969 enim
931 3901 1177 3986 originationem
1201 3916 1312 3960 eorum

148 4003 399 4085 respiceremus,
417 4002 529 4066 stricta
547 4003 640 4067 nimis
655 4004 831 4085 partitione
845 4005 926 4067 ordo
941 4001 1174 4064 diffinderetur.
1197 3998 1239 4063 M.
1251 3996 1310 4061 XI.

149 4103 218 4168 760
239 4102 349 4166 ausula
370 4103 410 4168 V.
417 4102 500 4168 Max.
522 4101 633 4167 Sidon.
650 4103 692 4168 ib.
715 4103 739 4168 I.
756 4103 796 4167 68
817 4101 1036 4166 adolescentula
1052 4098 1158 4162 Plaut
1175 4096 1251 4161 Ter.
1267 4096 1310 4159 ib,

149 4203 194 4268 V.
215 4203 275 4266 357
305 4203 432 4266 cauculo
460 4201 647 4286 †.1v.249
675 4203 807 4266 concula
835 4203 1007 4267 anldnr.
1035 4197 1093 4263 lX.
1116 4198 1177 4262 672
1203 4196 1311 4260 castula

150 4302 262 4395 Plaut.
274 4303 315 4368 ib.
328 4304 389 4366 679
404 4303 557 4368 civitatula
576 4302 652 4368 Sen.
669 4302 797 4384 apocol,
808 4325 839 4386 p.
852 4303 922 4367 852,
937 4302 979 4365 Μ.
1001 4297 1043 4364 Χ.
1057 4296 1117 4362 705
1129 4298 1312 4359 contactibu-
1333 4325 1344 4362 t

150 4403 227 4469 mua
249 4403 278 4484 †.
306 4405 348 4467 is.
370 4405 395 4470 Ι.
407 4406 445 4469 41
469 4385 586 4468 uictu
607 4401 712 4467 eraut.
735 4402 811 4466 rer.
832 4401 899 4468 cte.
919 4401 969 4465 su.
989 4402 1057 4462 nu.
1080 4398 1119 4463 v.
1137 4397 1187 4462 21,
1202 4393 1242 4461 u.
1258 4395 1311 4460 vr.

150 4505 221 4570 514
242 4502 364 4567 dumeto
386 4527 410 4570 s.
432 4505 474 4570 ib.
496 4504 548 4570 IV.
564 4504 625 4568 293
647 4502 821 4592 demeacula
844 4522 868 4567 s,
891 4503 955 4584 (vel
969 4499 1097 4563 melius:
1122 4494 1314 4559 domuncula
1362 4535 1374 4564 u

151 4606 239 4672 Vitr.
251 4605 288 4672 V.
301 4605 398 4688 Max.)
416 4604 474 4671 IX.
491 4604 552 4669 675
563 4604 728 4686 [caedrum
740 4625 765 4669 s.
781 4603 832 4668 VL
846 4601 909 4666 400
920 4599 1083 4684 [oraticula
1097 4598 1231 4662 Fronto.
1253 4598 1312 4660 Ar·
1351 4641 1360 4660 .
1429 4690 1432 4694 Ι

1100 4713 1118 4767 u
