3128 5300
707 382 746 452 75

140 591 285 655 abiddare
315 589 346 674 †.
368 585 410 658 Π.
437 587 497 654 105
525 589 696 656 illabrieore
723 588 892 675 (membra)
920 592 1303 678 6.1Π.17211166611666
1337 651 1340 654 .

138 690 229 758 Flor.
250 692 372 757 Aruob.
393 692 451 758 VI.
465 690 528 757 439
549 689 1028 774 6116661666(166661616;561116
1049 694 1156 760 aureis
1176 691 1212 778 1.)
1228 695 1302 760 Ρ61-

137 791 205 855 lad.
229 790 320 858 Tert.
335 787 390 857 XI.
410 789 471 856 795
485 791 686 875 6666161666
706 791 901 874 (erroribus)
918 814 943 858 6.
959 792 1047 857 Flor.
1063 793 1088 859 Ι.
1104 793 1133 859 9.
1148 795 1212 878 Ap.
1227 796 1300 863 460.

138 895 286 956 inuocare
312 892 412 958 Lucil.
427 890 496 956 061.
517 889 757 958 6166166310
778 893 954 976 ebcacipare
975 888 1091 978 (mare)
1113 892 1198 957 Mela
1211 895 1254 960 II.
1271 896 1299 960 1.

139 991 168 1054 1.
194 988 234 1056 Μ.
256 991 315 1056 ΙΧ.
329 993 391 1058 640
412 993 450 1056 X.
473 991 535 1056 716
554 992 693 1056 inalbare
715 989 897 1076 (tenebras)
918 991 957 1056 A.
976 990 1035 1055 XI.
1051 993 1112 1058 783
1134 991 1258 1057 irrorare
1273 1016 1299 1060 s.

136 1096 216 1159 Asc.
243 1093 305 1158 299
326 1091 459 1158 inalbare
482 1089 575 1154 Paul.
602 1090 676 1156 Nol.
699 1092 762 1175 Ap.
784 1091 843 1156 491
873 1093 1100 1156 ehterseme'care
1129 1113 1154 1158 s.
1185 1093 1297 1172 (inter-

138 1212 297 1277 spergere
321 1201 417 1277 atque
440 1191 473 1271 1.)
512 1189 653 1274 Propter
674 1192 817 1256 notionis
839 1193 1032 1256 varietatem
1055 1211 1095 1256 ex
1116 1191 1299 1258 huiusmodi

138 1293 334 1375 compositis
356 1291 502 1356 notanda
524 1295 598 1355 6661
618 1293 750 1356 altercare
773 1289 918 1370 (Peteon.
941 1290 1044 1374 Vell.)
1065 1311 1143 1374 pro:
1178 1293 1299 1378 satiare

137 1392 181 1458 cf.
204 1392 244 1456 M.
266 1390 307 1456 X.
332 1393 401 1457 706.
430 1389 488 1457 ΙΧ.
518 1389 588 1454 640.
616 1391 690 1456 7Π.
723 1391 794 1456 472.
824 1399 857 1454 61
880 1393 1018 1473 e’rropare
1047 1390 1297 1457 ecclesiasticae

136 1491 310 1556 latinitatis
337 1492 472 1575 propria
486 1491 723 1579 significatione
750 1490 891 1574 positum
915 1488 956 1553 M.
986 1490 1040 1554 IX.
1066 1492 1143 1556 621:
1166 1478 1299 1558 iubebat

135 1590 256 1674 plagas
282 1591 359 1654 mihi
385 1592 533 1675 irrogari.
575 1591 742 1674 Nationes,
762 1591 796 1653 in
818 1590 933 1673 quibus
957 1595 1029 1654 orta
1052 1594 1134 1674 sunt,
1157 1591 1297 1658 retinue-

134 1695 213 1755 rrmt
238 1690 395 1757 16616666
421 1691 461 1756 M.
491 1689 550 1758 IX.
579 1691 642 1756 600
664 1689 834 1756 insinuatis
871 1690 1017 1756 manibus
1046 1689 1178 1774 (Tert.),
1210 1693 1298 1774 quod

136 1810 238 1856 sensu
258 1791 427 1875 inproprie
455 1791 576 1874 optimo
605 1791 719 1873 cuique
749 1788 901 1870 scriptori
926 1791 1079 1856 usitatum
1102 1796 1168 1872 est,
1198 1795 1233 1854 et
1253 1793 1297 1856 ia·

135 1902 272 1970 eantare,
292 1894 378 1976 quod
399 1899 465 1957 tum
487 1892 624 1974 quidem,
640 1896 676 1954 ut
698 1889 798 1971 vulgo
821 1889 941 1972 (Hor),
966 1890 1006 1954 de
1028 1889 1162 1972 magicis
1186 1893 1296 1956 carmi-

133 1990 230 2056 nibus
252 1992 362 2074 posuit
383 1991 459 2077 (Ap.
480 1991 566 2076 503),
588 1997 653 2054 tum
674 2010 753 2054 vero
784 1988 879 2052 etiam
902 2009 973 2053 666
995 1990 1112 2054 audaci
1133 1992 1295 2057 brevitate

133 2109 203 2155 non
224 2091 347 2156 veritus
370 2099 422 2158 est
443 2093 552 2158 dicere
574 2091 615 2158 M.
646 2090 735 2156 VHl.
762 2090 838 2156 561:
875 2109 1044 2174 passerem
1069 2090 1292 2156 incantantem

134 2192 313 2276 sepiculae.
333 2225 375 2236 -
393 2186 528 2256 Larcare
547 2191 691 2274 (Firmic.
705 2189 887 2255 adeMath.
898 2188 957 2253 1Π.
973 2189 1028 2270 14)
1052 2189 1297 2273 participiorum

131 2297 263 2356 166166
283 2292 387 2358 forma
409 2299 545 2376 apparet
566 2293 628 2376 Ap.
661 2289 724 2355 555
749 2289 881 2354 larvans
907 2289 949 2353 M.
972 2289 1030 2354 IX.
1059 2289 1120 2354 652
1143 2290 1293 2358 larvatus

127 2392 237 2457 Plaut.
262 2389 303 2460 M.
320 2392 377 2458 IV.
400 2392 610 2476 3361666666
633 2390 734 2470 (omni
757 2389 886 2453 sarcina
907 2388 927 2452 i.
948 2387 1118 2475 elevare)
1142 2390 1292 2460 Cassiod.

130 2493 228 2571 Quod
242 2491 496 2556 Hildebrandius
511 2493 545 2555 in
562 2495 684 2555 textum
705 2489 832 2572 recepit
851 2489 894 2555 M.
909 2489 978 2556 7Π.
994 2489 1055 2554 481
1077 2489 1146 2555 iimo
1170 2513 1303 2558 coenoso.

129 2597 221 2679 ripae
243 2593 401 2678 supercilio
427 2591 590 2657 lubricante
617 2590 692 2654 mihi
715 2611 781 2654 non
809 2589 981 2673 probatur:
1019 2609 1182 2673 nunquam
1209 2592 1312 2657 enim-

128 2693 295 2758 lubrioare
317 2700 464 2757 neutrum
489 2699 540 2758 est
560 2689 617 2775 (cf.
632 2688 673 2756 M.
692 2689 733 2752 11.
755 2689 815 2754 105
828 2689 1017 2755 illubricaus
1032 2687 1203 2776 membra):
1227 2713 1290 2774 quo

129 2793 350 2860 ablativorum
372 2794 500 2859 accedit
521 2793 677 2857 molestus
702 2805 896 2856 concursus:
924 2791 1037 2855 melius
1065 2791 1163 2874 igitur
1185 2812 1294 2876 super·

129 2896 241 2961 cilium
263 2895 332 2959 sive
361 2893 535 2977 supercilia
561 2889 759 2956 emendatur.
802 2889 946 2955 Verbum
966 2911 1073 2954 rarum
1089 2886 1192 2975 (Cael.
1214 2893 1293 2958 Aur.

127 2995 223 3060 Paul.
246 2993 336 3076 Nol.)
360 2999 411 3060 est
432 2994 581 3071 lamehare
602 2990 693 3057 61Μ.
708 2987 767 3054 XI.
783 2990 896 3071 80761.
913 2989 1024 3056 66166.
1048 2991 1125 3056 Asc.
1141 2992 1214 3061 317:
1237 2996 1292 3078 qui

128 3117 181 3161 me
211 3095 371 3159 videndae
400 3093 591 3175 divinitatis,
618 3089 783 3155 luminasti
812 3089 946 3173 lumine;
978 3091 1073 3156 aliter
1095 3097 1146 3159 est
1166 3093 1207 3158 M.
1229 3089 1284 3160 lX.

127 3197 191 3260 617
213 3194 296 3258 6616
319 3193 465 3258 16616611
487 3195 522 3276 (1.
544 3214 572 3260 6.
594 3191 696 3256 666116
723 3191 842 3273 vitiosi,
871 3189 983 3276 capti.)
1010 3190 1099 3257 ‘Satis
1128 3192 1289 3258 subtiliter

128 3295 274 3379 denique
292 3294 446 3358 confinxit
460 3293 597 3357 iice'aiare
617 3292 658 3357 M.
680 3286 720 3357 X.
742 3291 802 3356 739
824 3312 866 3357 6.;
894 3297 1011 3357 ventus
1025 3313 1111 3358 nunc
1126 3293 1291 3362 luxurians

129 3397 311 3481 aspirabat,
334 3401 368 3460 ut
390 3393 569 3458 adhaerens
591 3392 739 3477 pressule
762 3395 977 3458 membrorum
998 3394 1198 3477 voluptatem
1220 3383 1290 3480 gra·

125 3499 228 3582 phiec
251 3490 426 3561 liciniaret:
461 3494 548 3576 quod
577 3493 814 3586 explanandum
841 3499 906 3561 est:
934 3494 967 3557 iu
994 3495 1123 3558 modum
1144 3495 1291 3561 liciorum
1319 3506 1320 3512 ’

128 3601 292 3682 obtegere
314 3596 368 3661 vel
388 3595 497 3679 potius
519 3615 585 3659 non
613 3596 771 3676 obtegere
793 3593 849 3677 ita,
876 3597 911 3658 ut
938 3615 999 3678 per
1020 3594 1075 3658 fila
1101 3595 1291 3662 tenuissima

126 3699 234 3766 vestis
253 3691 466 3780 bombycinus
482 3693 600 3780 (qualis
615 3695 667 3763 bic
687 3691 894 3778 memoratur)
909 3695 1082 3760 manifesta
1097 3695 1287 3778 pelluceret.

124 3797 168 3865 M.
192 3797 252 3864 17.
274 3794 595 3862 25016611666Ρ1661.
619 3794 701 3860 Gell
726 3797 787 3879 Ap.
814 3794 877 3860 544
904 3795 1063 3860 mussitare
1085 3796 1191 3862 Plaut.
1210 3797 1287 3862 Ter.

124 3900 196 3966 Liv.
218 3899 244 3963 Ι.
266 3896 316 3965 50.
337 3897 417 3962 DPl.
439 3896 481 3960 ΙΙ.
503 3896 563 3960 237
579 3894 735 3960 caelebrare
757 3894 1289 3980 06161666242666166
1408 3925 1410 3932 ·

125 3997 305 4082 augustin.
327 3995 367 4061 6.
391 3997 433 4062 n.
457 3996 525 4061 113.
547 3996 639 4062 tun.
661 3996 722 4062 466
739 4001 902 4062 morsare
923 3995 961 4065 Α.
981 3983 1064 4062 'osa
1090 3997 1150 4062 136
1170 3996 1284 4080 6666-

128 4121 204 4165 care
225 4097 323 4163 Macr.
352 4098 396 4162 de
420 4097 509 4161 herb.
532 4096 589 4161 Ι7.
614 4097 664 4161 14.
679 4097 719 4163 Μ.
734 4097 825 4164 7ΙΠ.
846 4098 908 4165 558
930 4098 1085 4163 madidore
1105 4098 1229 4165 Arnob
1244 4099 1285 4163 V.

126 4199 193 4268 354
204 4209 360 4264 maturare
376 4199 424 4282 (z
432 4198 666 4278 maturescere)
687 4197 813 4265 Pallad.
829 4198 935 4263 Muud.
948 4198 1007 4262 341
1020 4198 1285 4284 optinoreAuson.

132 4299 211 4367 001.
224 4299 483 4383 Praepositionis
506 4299 548 4362 ob
571 4288 839 4382 compositionem
859 4299 1027 4363 adamasse
1048 4299 1191 4367 videtur:
1213 4319 1287 4363 nam

131 4401 316 4486 compluria
337 4421 377 4465 ea
397 4406 518 4465 novata
540 4405 623 4464 suut.
644 4399 684 4464 M.
700 4399 751 4466 VI.
773 4400 835 4464 418
850 4399 910 4483 Ap.
928 4398 990 4474 559
1011 4399 1160 4485 effrenare
1180 4400 1286 4467 Plaut.
1335 4429 1338 4436 ·

127 4505 171 4570 M.
198 4503 268 4570 VII.
291 4501 362 4568 494.
385 4501 443 4568 IX.
471 4503 540 4569 616.
568 4501 628 4566 647
657 4499 848 4566 obverberere
872 4501 913 4566 A.
941 4499 1286 4570 Vffl.530.1X.e4o

126 4603 308 4682 obnubilare
330 4603 414 4675 Gell.
436 4603 537 4672 666.
561 4598 599 4672 X.
607 4601 632 4671 Ι.
641 4603 700 4673 768
721 4600 876 4672 obsibelore
894 4623 919 4674 6.
942 4603 996 4676 XI.
1012 4601 1074 4676 769
1096 4603 1287 4672 oberrares.
