3068 5310
645 407 705 472 119

101 628 156 672 aare
174 605 381 692 plumaturam
407 604 462 671 vel
482 603 569 690 quod
595 605 773 672 huiusmodi
799 607 953 693 exemplis
968 610 1124 676 'omnibns
1152 610 1248 676 auda·

102 707 164 773 cius
188 714 239 772 est
259 707 302 773 M.
319 707 376 772 IV.
391 705 432 772 95
460 707 589 772 latauaa
610 708 673 773 iam
694 710 726 772 iu
744 729 862 773 auruum
884 711 1013 792 iuraui:
1037 711 1123 776 ouius
1145 731 1248 794 prope

101 809 174 873 dura
195 808 340 873 brevitas
358 805 469 890 paullo
493 807 657 891 mitigatur
671 809 801 874 subdita
819 810 1060 893 progressionis
1084 810 1248 876 cuiusdam

100 910 237 989 notione,
251 927 332 992 quae
344 927 386 971 ex
401 925 483 972 voce
502 907 623 973 ferinus
639 909 821 992 supplenda
831 916 891 977 est.
932 912 1039 993 Atque
1060 910 1249 975 notissimae

98 1009 254 1074 formulae
275 1010 308 1072 iu
331 1009 437 1092 [aarum
460 1006 554 1092 (Tac.
568 1009 669 1092 Varg.
690 1010 796 1075 tritius
820 1017 872 1074 est
893 1011 947 1090 „in
966 1010 1141 1093 speciem“)
1161 1009 1249 1075 illam

100 1110 225 1190 quidem
245 1110 486 1192 usurpationem
507 1109 549 1174 M.
564 1108 617 1174 1v.
632 1110 693 1174 239
715 1112 835 1174 arbores
855 1112 888 1174 iu
909 1112 994 1176 lauri
1010 1113 1115 1194 sariam
1125 1110 1249 1195 proluar

95 1209 216 1293 satiatae
236 1229 302 1273 non
325 1228 424 1293 aegre
446 1208 595 1274 ferimus:
618 1215 653 1274 at
673 1210 761 1276 illam
775 1211 931 1291 miramur,
951 1231 1011 1294 pro
1024 1210 1143 1294 Apulei
1156 1229 1246 1274 more

99 1309 279 1374 arteficiose
302 1310 482 1394 quaesitam
504 1314 750 1392 contortumqne
768 1310 810 1376 ib.
832 1311 891 1377 111.
906 1311 968 1376 233
988 1313 1021 1374 iu
1042 1311 1126 1374 auiti
1140 1311 1248 1393 saarim

95 1409 178 1490 fruta
207 1409 356 1473 rodebam.
380 1409 464 1472 Illud
485 1409 527 1476 M.
549 1408 590 1474 Χ.
612 1410 672 1475 738
688 1409 791 1494 puella
818 1413 851 1475 iu
875 1411 946 1474 duaa
973 1410 1099 1474 luuourlr
1124 1412 1247 1494 speciem

96 1509 199 1574 similia
220 1529 292 1574 cum
313 1509 512 1574 abundantia
533 1509 672 1593 quadam
693 1510 821 1590 dictum,
844 1510 898 1574 alii
912 1510 1020 1593 potius
1035 1510 1249 1593 praepositio-

97 1612 143 1674 nis
164 1609 359 1696 proprietati
381 1609 581 1677 subiciamus.
602 1608 858 1675 Recentissimae
875 1611 960 1675 enim
975 1611 1093 1676 aetatis
1109 1611 1246 1693 scripto·

95 1731 146 1775 res
174 1710 344 1776 adiectivis
369 1709 556 1792 qualitatem
579 1709 717 1792 aliquam
741 1710 987 1794 designantibus
1008 1710 1041 1774 in
1058 1709 1179 1774 addere
1195 1730 1245 1774 so-

96 1810 171 1890 lent,
195 1817 230 1874 ut
251 1809 440 1893 exprimant,
462 1826 558 1890 quam
576 1810 718 1891 speciem
740 1811 881 1894 attingat
901 1810 959 1874 illa
981 1811 1130 1895 qualitas,
1156 1810 1247 1877 velut

97 1906 134 1974 Μ.
155 1910 197 1974 X.
220 1910 280 1975 739
303 1908 384 1972 colar
402 1908 473 1971 deae
493 1907 628 1972 diuersus
648 1910 680 1972 iu
702 1911 840 1994 marai,
876 1931 984 1994 carpus
1015 1910 1197 1978 aaudiduar.
1213 1961 1244 1978 ..

96 2011 220 2075 amictus
241 2008 388 2073 caerulus.
410 2008 453 2073 ib.
473 2008 545 2074 Ι.21
562 2029 643 2092 puer
663 2011 696 2072 iu
717 2009 867 2074 ualidum
889 2009 1022 2074 decorus.
1044 2010 1246 2094 laustinus

97 2118 277 2192 ..arquata
297 2107 344 2174 ael
367 2109 445 2171 uitro
467 2108 601 2173 aemulus
623 2111 656 2174 ia
677 2110 819 2173 colorem:
844 2129 979 2192 quocum
1007 2129 1087 2172 cave
1113 2109 1244 2174 confun-

97 2210 152 2276 des
175 2207 293 2274 M.1.19
313 2206 448 2272 aemulus
467 2210 500 2270 ia
521 2211 669 2275 caaar'rua
690 2211 731 2274 V.
739 2210 797 2274 371
819 2212 852 2272 ia
871 2212 984 2272 auraria
1004 2212 1127 2294 nuptias
1147 2230 1245 2274 armu-

95 2310 155 2372 lus:
177 2328 366 2392 quamquam
387 2308 467 2371 hacc
483 2327 610 2389 quoque
627 2308 825 2372 constructio
841 2316 1018 2373 memoratu
1032 2329 1098 2374 non
1111 2309 1247 2392 indigna

97 2415 160 2476 est:
192 2427 290 2492 aegre
319 2407 403 2472 enim
429 2407 563 2472 alterum
592 2407 660 2472 eius
694 2410 873 2492 exemplum
900 2409 1084 2493 conquiras.
1119 2443 1156 2453 —
1183 2408 1245 2472 His

97 2509 258 2592 aptissime
286 2508 417 2592 adiungi
443 2513 555 2592 potest
580 2507 712 2572 lieentia
738 2516 920 2591 poetarum,
955 2527 1036 2592 quae
1069 2508 1103 2572 in
1129 2506 1246 2572 nullius

95 2608 162 2673 lere
183 2608 376 2692 posterioris
398 2609 567 2691 scriptoris
589 2607 764 2673 dictionem
788 2609 930 2672 manavit
955 2609 1018 2672 nisi
1038 2607 1166 2691 Apulei.
1207 2607 1246 2671 In

96 2709 185 2790 quasi
206 2709 268 2791 „ad
288 2707 412 2772 instar“
435 2710 554 2774 omissa
576 2707 790 2772 similitudinis
805 2709 938 2774 notione
955 2729 1026 2773 aum
1045 2708 1117 2789 ipsa
1136 2727 1170 2772 re
1194 2726 1246 2772 co·

96 2809 203 2891 nectit,
224 2815 260 2874 ut
281 2807 456 2890 significet:
478 2808 512 2872 in
533 2807 669 2890 modum,
691 2807 725 2870 in
748 2807 983 2872 similitudinem
1002 2809 1051 2872 rei
1069 2805 1124 2893 (of.
1146 2807 1246 2891 Verg.

95 2909 175 2972 Aen.
196 2907 362 2987 X1.ttl.):
384 2907 471 2972 velut
492 2927 558 2972 non
579 2907 700 2972 veritus
723 2913 775 2972 est
800 2908 907 2972 dicere
936 2907 1110 2972 M.V1.440
1131 2906 1247 2992 Iupiter

95 3009 219 3093 mupirit
241 3009 274 3072 ia
295 3006 405 3072 bouem.
430 3006 483 3074 IV.
496 3007 558 3072 245
584 3011 684 3072 lacau
711 3014 744 3074 ia
768 3017 929 3072 mortuum.
958 3007 1017 3074 ΠΙ.
1034 3008 1096 3073 219
1122 3007 1248 3074 vibratis

96 3107 238 3173 barabba
257 3109 291 3171 iu
304 3126 388 3171 auara
402 3106 525 3171 simr'lru
537 3107 704 3190 pestr'ebam.
725 3141 767 3152 —
780 3109 811 3170 A
825 3106 998 3190 principali
1012 3107 1247 3191 significatione

97 3229 164 3273 non
183 3209 229 3272 ita
249 3211 376 3274 semota
397 3209 456 3288 est,
479 3207 538 3272 sed
558 3212 667 3270 tamen
689 3210 729 3272 ab
752 3209 944 3290 optimorum
966 3207 1155 3290 scriptorum
1178 3227 1247 3274 ora·

95 3308 182 3372 tione
203 3308 311 3372 aliena
332 3305 388 3370 illa
407 3307 501 3385 ratio,
525 3327 588 3389 qua
609 3307 770 3390 significat
783 3309 958 3389 terminum,
981 3329 1081 3391 usque
1098 3309 1140 3374 ad
1155 3330 1249 3392 quem

96 3426 146 3472 res
164 3406 357 3490 perducitur,
380 3405 468 3469 velut
489 3406 529 3470 M.
543 3406 602 3472 111.
617 3407 679 3472 215
693 3410 724 3470 iu
742 3413 905 3486 amanium
928 3413 1083 3476 attonitus.
1109 3409 1152 3476 ib.
1167 3410 1192 3475 Ι.
1207 3411 1248 3476 37

96 3509 128 3568 ia
147 3516 294 3591 stuporem
316 3507 470 3572 attonitus.
491 3504 579 3572 Flor.
591 3505 616 3569 Ι.
629 3505 671 3570 20
690 3509 723 3572 iu
742 3518 879 3573 raumara
894 3511 1056 3594 perniciora
1077 3518 1252 3576 aaacutaut

98 3604 328 3684 (clVellAEat.
342 3606 384 3672 ll.
398 3604 480 3670 sat
500 3606 534 3669 in
556 3612 689 3670 mortem
712 3607 964 3688 dimicabatur.);
985 3607 1128 3674 fortasse
1151 3607 1248 3674 etiam

97 3700 249 3771 Μ.Π.164
269 3709 303 3770 iu
318 3705 505 3790 profundam
526 3710 648 3791 paritum
669 3705 790 3790 sepulto.
813 3704 1252 3792 (cf.M.vss1.539sepelivit-

98 3804 138 3868 ad
165 3803 328 3890 somnum).
370 3806 452 3870 Tum
480 3806 573 3871 simili
601 3806 728 3870 ratione
757 3813 853 3890 atque
881 3805 963 3890 „ad“
990 3808 1121 3891 ponitur
1148 3809 1188 3872 de
1210 3828 1246 3872 re

98 3905 201 3988 aliqua
224 3907 330 3972 subito
348 3907 418 3972 visa
438 3907 493 3971 vel
514 3907 638 3971 audita:
674 3904 715 3973 M.
735 3907 794 3972 111.
811 3907 868 3971 190
888 3909 921 3970 iu
938 3912 1122 3976 coutrariam
1140 3907 1248 3989 saarim

97 4005 308 4090 obstupefactus
328 4006 460 4087 tussit).
504 4007 668 4074 lunata
690 4029 797 4071 aureas
818 4007 991 4092 resulpaatur
1011 4058 1019 4075 .
1042 4055 1047 4068 .
1091 4011 1248 4072 attonitus.

96 4101 218 4172 XLtea
237 4110 271 4172 iu
289 4115 469 4191 prouentum
482 4110 704 4190 prosperiorem
725 4112 881 4174 attouitur.
902 4109 944 4173 ib.
961 4108 1019 4173 781
1043 4112 1076 4173 iu
1096 4117 1248 4193 aspectura

97 4225 187 4270 aarum
204 4209 360 4270 attonitus.
381 4241 422 4253 —-
443 4205 568 4271 Deinde
589 4207 623 4271 in
645 4227 879 4290 saepenumero
905 4207 1034 4273 brevius
1062 4215 1248 4293 usuapatum

97 4312 146 4370 est
159 4307 327 4376 secundum
341 4307 441 4372 totius
458 4307 801 4392 sequiorislatinitatis
817 4308 1090 4389 consuetudinem,
1105 4314 1142 4372 ut
1152 4307 1247 4372 finem

97 4407 150 4481 rei,
178 4414 426 4492 propterquam
449 4407 569 4491 aliquid
593 4407 709 4492 agitur,
732 4414 764 4472 et
793 4408 969 4487 consilium,
993 4426 1034 4472 ex
1055 4428 1118 4492 quo
1142 4407 1246 4490 agitur

97 4511 131 4569 et
144 4507 285 4572 effectum
307 4507 483 4589 significet:
507 4508 594 4591 quod
607 4509 797 4591 purissimae
813 4507 964 4573 dictionis
981 4514 1132 4573 auctores
1146 4506 1246 4590 plena

161 4622 187 4690 ὓ)
206 4622 283 4678 'lert
301 4620 374 4678 Oula
390 4621 467 4676 Fam.
485 4622 562 4678 llll
578 4623 607 4678 in
625 4623 754 4678 duritiam
770 4623 889 4676 catanae
908 4623 1081 4696 stupescere.
