3068 5310
270 595 330 664 IX.
344 594 415 662 599.
430 594 465 660 V.
479 592 542 658 332
556 594 618 657 etc.
633 625 674 636 -
696 588 838 652 Decurre
859 589 902 653 ad
921 587 1026 655 instar
1047 589 1175 674 agentis
1190 590 1279 656 verbi
1292 597 1424 676 practer

271 702 389 780 poetas
410 693 676 774 recentioresque
698 688 876 772 scriptores
891 684 1001 772 (Verg.
1015 725 1057 736 -
1069 688 1170 768 Suet.)
1194 689 1308 757 Cicero
1325 691 1422 756 semel

271 795 441 880 usurpavit
462 813 512 876 ep.
540 792 616 857 fam.
638 791 668 858 7.
689 789 745 854 14:
773 787 911 872 Apuleio
933 787 1228 872 frequentissimum
1248 798 1299 856 cst
1320 791 1361 856 cf.
1382 792 1423 856 M.

272 898 325 960 111.
347 893 418 960 203.
437 894 472 960 V.
487 891 558 958 329.
567 889 639 955 333.
653 888 725 956 368.
739 889 787 953 lV.
801 886 872 953 291.
887 883 978 953 11111.
994 887 1065 954 575.
1088 889 1225 954 Verbum
1240 890 1426 956 coenitandi

273 1015 343 1060 aum
365 993 554 1058 accusativo
579 989 629 1055 rei
663 987 707 1053 M.
727 985 789 1051 lX.
817 985 880 1052 592
911 986 1093 1072 eamafiaalec'
1114 988 1217 1072 epulas
1237 1037 1244 1050 .
1267 992 1425 1056 ,555515-
1518 1071 1519 1082 ἵ

272 1094 324 1158 tat
345 1092 474 1158 omnino
497 1089 623 1175 quidem
645 1084 748 1152 semel
770 1085 888 1150 dictum
910 1090 976 1169 est,
995 1105 1104 1152 verum
1121 1087 1156 1150 id
1170 1087 1336 1152 fortuitum
1359 1095 1426 1156 est:

271 1214 345 1258 nam
368 1210 509 1258 coenare
530 1185 584 1275 (M.
598 1187 640 1254 X.
657 1186 717 1252 703
735 1185 857 1268 foenum
878 1185 1013 1266 coenare)
1037 1187 1122 1269 apud
1143 1189 1293 1271 antiquos
1314 1207 1427 1252 recen-

271 1293 438 1375 tioresque
466 1295 582 1374 poetas
613 1304 774 1372 persaepe
799 1285 846 1349 ita
867 1291 1047 1369 usurpatur.
1076 1285 1196 1367 (Plaut.
1225 1287 1305 1353 Hor.
1333 1287 1427 1354 Pers.

272 1390 379 1477 51551.)
415 1391 511 1474 Apud
532 1387 665 1454 eosdem
693 1385 791 1450 etiam
816 1385 874 1450 illa
899 1387 1049 1468 clamare,
1078 1385 1283 1450 conclamare
1311 1384 1365 1468 (M.
1384 1387 1428 1452 X.
1519 1425 1520 1434 .

273 1492 342 1558 691.
358 1490 400 1556 Μ.
418 1487 457 1556 ll.
478 1488 553 1573 158)
576 1508 646 1552 cum
669 1485 856 1551 accusativo
877 1486 1049 1550 coniuncta
1068 1484 1281 1552 inveniuntur.
1317 1486 1356 1550 ln
1377 1487 1429 1550 his

273 1589 428 1656 nonnulla
449 1593 533 1671 sunt,
562 1605 645 1670 quae
669 1585 711 1650 ad
733 1585 877 1668 speciem
904 1584 1140 1668 etymologicus
1159 1584 1282 1668 figurae
1305 1591 1431 1652 5155515

274 1695 355 1772 sunt,
377 1688 467 1754 velut
488 1687 529 1754 M.
544 1685 599 1752 lX.
620 1685 682 1752 592
709 1685 812 1772 epulae
839 1686 999 1766 coenitare,
1022 1687 1075 1750 vel
1101 1686 1191 1768 illud,
1212 1705 1273 1770 per
1300 1687 1432 1770 ellipsin

274 1789 392 1854 dictum
414 1787 461 1853 lV.
475 1786 538 1854 285
558 1785 693 1852 Saliares
712 1807 743 1850 se
762 1805 904 1850 coenasse.
924 1785 978 1850 Ad
998 1785 1136 1850 eandem
1155 1786 1315 1850 rationem
1336 1806 1432 1852 revo-

274 1887 379 1954 canda
401 1892 489 1954 sunt:
511 1886 554 1953 M.
569 1886 605 1952 V.
620 1884 681 1950 357
696 1885 801 1950 atam.
814 1905 949 1971 caparam
959 1884 1051 1970 'flare
1072 1881 1125 1950 lX.
1141 1886 1203 1952 596
1217 1907 1354 1950 semaam
1375 1886 1431 1950 lta-

274 2009 400 2052 maaam
421 1987 527 2072 quievi.
548 1983 608 2052 lX
623 1985 686 2050 630
706 1983 855 2070 stipendia
881 1983 984 2048 Veneri
1001 1985 1178 2051 me'lt‘tadaat.
1201 1984 1320 2070 (Plaut.
1335 1985 1432 2052 Pers.

273 2086 312 2154 11.
328 2089 358 2154 2.
379 2089 420 2152 49
440 2085 584 2150 militiam
604 2083 660 2167 m.)
695 2085 745 2150 vt.
768 2085 831 2150 420
856 2085 1005 2169 cesanam
1038 2085 1170 2150 decurrit
1203 2096 1344 2150 creatam.
1373 2086 1434 2168 (ai.
1521 2135 1522 2138 ,

275 2188 368 2254 Ovid.
388 2191 463 2250 met.
484 2184 527 2250 X.
540 2181 626 2268 597.)
648 2183 691 2251 X.
707 2185 768 2250 734
782 2185 903 2252 decorae
925 2186 1053 2252 aptam
1075 2185 1258 2250 enarrabant.
1277 2187 1366 2252 Flor.
1382 2183 1435 2250 lV.

274 2286 413 2355 881555
445 2305 584 2350 causeam
606 2287 743 2370 primam
770 2286 950 2352 ..cicerae
992 2285 1161 2370 Propriam
1189 2287 1281 2352 55155
1307 2285 1435 2370 figurae

275 2387 426 2472 speciem,
456 2405 520 2468 qua
547 2385 690 2450 eiusdem
717 2385 946 2469 originationis
971 2387 1129 2452 vocabula
1154 2388 1338 2469 iunguntur,
1366 2406 1436 2450 non

276 2490 323 2552 ita
347 2489 462 2552 crebro
485 2484 668 2568 usurpavit:
690 2485 732 2552 Μ.
747 2485 798 2550 lv.
813 2485 875 2550 282
895 2485 1036 2550 mucram
1047 2488 1252 2572 funestamque
1265 2496 1437 2570 spectamen

274 2587 410 2672 adspexi.
433 2584 491 2652 Xl.
512 2585 575 2651 814
588 2586 778 2672 aptatione
805 2586 964 2650 exercitius
985 2586 1150 2671 oppilabant
1171 2585 1250 2653 DPl.
1262 2588 1299 2652 11.
1311 2585 1375 2651 252
1390 2589 1435 2650 vi·

274 2698 338 2752 tam
358 2688 455 2750 uivere
475 2684 636 2750 leucatem.
653 2685 697 2752 15.
708 2683 769 2750 257
792 2686 988 2751 matrimonia
1001 2705 1112 2771 quaque
1130 2707 1191 2750 aaa
1207 2687 1355 2772 privatim
1371 2707 1437 2750 ma·

274 2785 400 2851 5115555
421 2807 489 2853 ecee.
515 2783 624 2850 Mund.
644 2783 703 2849 341
725 2784 912 2870 5551555
932 2787 1066 2871 spiratus.
1093 2785 1153 2868 Ap.
1174 2785 1236 2851 526
1250 2784 1438 2849 vinolentam

274 2885 413 2952 sederem
435 2884 592 2949 15551555
620 2884 772 2950 uacare.
794 2885 838 2951 ib.
859 2885 922 2952 550
942 2889 976 2950 ia
997 2885 1131 2952 omnibus
1159 2884 1314 2950 Mineruae
1335 2889 1437 2949 curri·

275 2986 377 3050 catam
397 2983 551 3064 carram).
572 2984 720 3068 Denique
741 2985 896 3050 nonnulla
913 2988 1014 3051 verbo
1035 3004 1326 3067 commemoremus,
1349 3005 1436 3068 5555

278 3090 393 3152 contra
412 3089 533 3148 certam
555 3084 702 3168 reguiam
730 3085 942 3170 stabilemque
964 3086 1093 3170 linguae
1120 3105 1211 3152 usum
1233 3085 1435 3168 coniungun-

273 3192 326 3250 tur
348 3203 418 3248 aum
440 3183 636 3251 accusativo.
679 3183 729 3248 Elx
756 3185 871 3268 quibus
900 3187 1074 3252 secundum
1098 3186 1240 3269 priscam
1260 3191 1437 3251 consuetu·

275 3286 382 3350 dinem
405 3288 528 3354 structa
550 3292 624 3350 sunt
644 3285 741 3352 haec:
763 3285 850 3352 Flor.
866 3284 905 3353 11.
920 3285 962 3354 55
983 3284 1109 3350 Saeuam
1124 3284 1308 3370 potiebatur.
1330 3284 1374 3351 M.
1389 3284 1436 3350 X.

275 3384 336 3450 750
350 3394 475 3470 portam
490 3385 616 3467 potitae.
636 3383 679 3452 ib.
691 3385 776 3453 Vlll.
790 3385 853 3452 540
866 3387 988 3472 captiae
1008 3405 1068 3448 aaa
1078 3383 1200 3468 fraere.
1214 3385 1277 3468 Ap.
1290 3384 1354 3450 546
1361 3405 1439 3469 pro-

273 3495 388 3570 spectae
405 3533 414 3550 .
428 3532 435 3546 .
447 3485 618 3568 fracturam
630 3507 674 3548 aee
687 3485 879 3567 (1550515.
893 3485 1006 3552 1151551
1015 3484 1138 3570 passivi
1152 3484 1316 3569 participii
1326 3484 1439 3550 forma

275 3584 323 3650 515
342 3585 429 3668 apud
451 3584 590 3668 optimos
612 3605 738 3670 quoque
759 3606 825 3652 non
848 3587 1038 3668 infrequens
1067 3586 1142 3666 551.)
1163 3585 1254 3649 Idem
1281 3586 1439 3651 usuvenit

273 3687 306 3750 in
329 3684 427 3748 verbo
451 3685 606 3768 iungendi
617 3685 659 3752 cf.
670 3685 713 3752 M.
729 3683 962 3754 71.402.Ι1Ρ1.
980 3682 1020 3752 ll.
1034 3685 1106 3752 229.
1125 3687 1187 3768 Ap.
1209 3684 1271 3751 436
1287 3706 1353 3750 eam
1369 3707 1435 3750 aaa

272 3785 447 3851 simulatam
472 3785 527 3849 aed
542 3804 608 3849 aare
624 3783 792 3871 [capuletur.
813 3785 950 3851 Dativus
973 3785 1124 3852 usitatior
1141 3785 1203 3850 luit
1215 3785 1249 3848 in
1262 3785 1330 3852 his:
1348 3785 1435 3851 Aac.

274 3883 344 3951 325.
359 3881 1019 3970 3241555555515551551Ε551.)Μ.17.254
1032 3894 1141 3950 ceteras
1157 3884 1329 3951 aata'etabat.
1344 3885 1433 3966 (Me-

343 4015 370 4081 1)
390 4014 443 4068 His
461 4013 489 4068 in
501 4016 665 4070 transcursu
683 4015 815 4071 addamus
828 4015 952 4070 eiusdem
963 4015 1077 4085 originis
1090 4016 1237 4070 verborum
1251 4015 1436 4088 repetiones:

275 4098 348 4153 DPl.
361 4097 398 4152 11.
422 4098 471 4152 242
493 4098 653 4154 insociabili
669 4099 728 4156 vita
744 4139 751 4152 .
770 4139 777 4153 .
795 4098 888 4154 vivere
906 4099 943 4153 ib.
961 4099 1011 4154 248
1027 4115 1126 4154 securo
1149 4099 1236 4168 gradu
1255 4099 1368 4154 virtutis
1386 4100 1438 4154 via

274 4179 447 4252 graderetur.
465 4183 520 4254 Ap.
527 4181 577 4238 594
593 4197 693 4252 magna
710 4182 804 4252 fugela
820 4183 849 4238 in
866 4199 985 4252 ganeum
1002 4181 1083 4251 sugit.
1096 4183 1247 4237 Μ.111.175
1264 4183 1435 4238 lustralibus

274 4263 423 4336 piamentis
441 4266 528 4319 minas
546 4304 553 4318 .
571 4259 710 4336 ,expiant
726 4265 762 4320 X.
779 4267 827 4322 700
855 4266 970 4321 calicem
994 4283 1048 4319 uno
1065 4267 1165 4320 hausto
1184 4265 1322 4337 perhenni,
1341 4265 1436 4320 alias:

278 4365 348 4418 5555
369 4363 562 4418 5555555555
581 4347 746 4403 tribuendas
763 4349 892 4403 videntur
915 4348 1062 4420 scriptoris
1081 4343 1283 4417 neglegentiae,
1301 4349 1438 4403 similiter

275 4435 359 4500 atqua
378 4429 460 4484 haec:
482 4431 557 4485 11155.
581 4429 603 4484 I.
626 4431 660 4486 92
688 4432 861 4496 indumenta,
884 4432 985 4502 quibus
1003 4433 1124 4497 indutus,
1143 4438 1185 4486 et:
1203 4432 1308 4485 monitu
1326 4432 1437 4496 famuli,

276 4515 322 4584 qui
345 4514 436 4568 noctis
464 4513 638 4579 admonebat,
656 4516 702 4570 vel
718 4515 786 4579 illud
803 4514 841 4568 M.
859 4516 895 4570 X.
912 4516 975 4572 tlt:
992 4533 1044 4592 per
1061 4515 1270 4580 admirationem
1288 4514 1437 4578 assiduam

274 4596 302 4652 iu
314 4596 500 4658 admirabilem
519 4598 572 4660 mei
584 4598 741 4681 cupidinem
758 4597 857 4662 incidit
875 4601 928 4662 ele.
