3068 5310
821 365 863 432 82

263 571 348 656 apud
376 571 523 641 Plautum
549 567 732 654 reperiatur
758 569 902 653 primum,
930 569 1005 636 inde
1029 567 1108 634 abiit
1128 568 1159 636 in
1184 586 1294 638 eornm
1316 587 1418 652 usum,

263 675 316 759 qni
338 674 548 741 imitationem
569 678 713 738 veterum
736 671 855 738 sectati
877 677 960 754 sunt,
991 671 1132 754 Sallusti,
1155 670 1417 755 2661661661-

263 778 356 842 detur
380 784 486 840 antem
509 795 549 838 ex
561 774 715 857 loquendi
729 775 961 840 consuetudine
976 775 1101 860 vulgari
1117 779 1203 838 orta:
1226 777 1316 837 certe
1329 773 1419 856 apud

262 877 452 942 Ciceronem
474 875 592 939 nullum
617 876 685 941 eius
705 876 874 960 vestigium
895 876 1064 942 invenitur.
1087 872 1127 940 M.
1147 874 1173 940 I.
1194 874 1235 938 20
1255 874 1330 937 VH.
1352 873 1419 938 455

262 976 437 1061 antepollere
458 977 497 1039 Α(
518 975 576 1038 VI.
592 975 653 1038 442
675 977 922 1061 cr'renmtorquere
945 998 969 1042 s.
983 975 1039 1042 VI.
1050 975 1110 1040 397
1133 975 1275 1057 condecet,
1298 974 1417 1038 Plauto

260 1075 560 1156 recentioribusque
583 1073 745 1168 frequens.
767 1075 825 1140 IV.
845 1076 915 1141 310.
936 1077 998 1141 336
1020 1074 1186 1160 complaceo
1206 1073 1314 1138 Plaut.
1338 1073 1417 1138 Ter.

263 1175 333 1240 eol.
358 1171 665 1255 (cappellam.
688 1176 763 1240 Α66.
791 1176 861 1240 296.
884 1177 945 1258 Ap.
968 1176 1027 1240 421
1058 1171 1292 1258 complacitus.)
1314 1171 1357 1237 Μ.
1372 1173 1417 1237 V.

264 1276 326 1340 346
348 1271 531 1358 conspondeo
558 1272 659 1337 Naev.
683 1275 803 1340 Auson.
826 1272 905 1339 VIII.
926 1275 987 1340 526
1017 1276 1153 1358 confosso
1182 1272 1274 1338 (lato.
1296 1271 1415 1337 Aluan.

262 1374 342 1439 (lod.
367 1372 492 1437 Theod.
518 1371 574 1438 IX.
597 1373 658 1438 646
679 1374 855 1438 commolere
870 1377 990 1440 Arnob.
1013 1376 1101 1439 Tiro.
1125 1394 1175 1456 ap.
1192 1373 1275 1437 Gell.
1293 1372 1366 1437 VH.
1385 1373 1415 1436 3.

263 1474 311 1537 13.
334 1475 396 1554 Α6.
412 1472 474 1536 514
495 1472 776 1537 (166166616166661
798 1476 931 1558 propria
953 1474 1188 1557 signifieatmne
1209 1473 1349 1556 poeltum
1364 1479 1417 1536 661

262 1593 337 1655 pro:
365 1572 538 1635 obnoxium
566 1572 710 1654 efficere,
735 1594 903 1652 accusare,
933 1595 996 1656 qua
1018 1573 1220 1638 Tertulliano
1242 1571 1416 1636 usitatissi-

263 1695 343 1736 mum
366 1678 416 1736 est
435 1671 490 1754 (cf.
514 1671 613 1737 Uxor.
629 1673 671 1737 II.
687 1673 715 1736 8.
740 1673 1008 1738 66666161.
1028 1674 1055 1739 7.
1071 1674 1096 1738 I.
1113 1675 1161 1739 16.
1178 1673 1252 1752 etc.)
1274 1674 1335 1754 Ap.
1353 1673 1417 1737 560

262 1785 410 1836 extumere
421 1771 526 1835 Plaut.
543 1769 582 1836 M.
599 1772 688 1838 VIII.
708 1772 770 1837 536
781 1775 919 1856 rnurprre
932 1774 1026 1837 Lucu.
1047 1774 1086 1839 V.
1104 1773 1194 1838 1035.
1206 1769 1245 1837 M.
1261 1772 1335 1838 VII.
1353 1773 1416 1836 447

262 1875 391 1937 annitere
413 1894 438 1937 s.
461 1872 518 1949 IV.
534 1872 595 1936 292
615 1872 852 1956 absuperbobera
875 1881 910 1936 61
931 1873 1182 1938 Hildebrendius
1206 1872 1329 1952 scribit3
1352 1891 1417 1936 me·

262 1975 323 2038 1166
349 1972 546 2036 secernitur:
570 1972 702 2053 insuper
723 1972 852 2036 habere.
877 1970 932 2036 lV.
947 1974 1008 2037 282
1029 1973 1186 2036 6116166666
1201 1993 1226 2036 s.
1248 1968 1416 2035 11111557

257 2084 378 2158 protere
394 2095 418 2137 6.
442 2070 657 2153 (pratentibus
673 2070 808 2155 viretis.)
831 2072 870 2135 V.
886 2073 956 2137 377.
970 2073 1167 2156 praetendere
1189 2094 1214 2136 s.
1229 2071 1316 2136 Flor.
1339 2067 1417 2135 114
1529 2105 1530 2124 r

256 2173 497 2258 praenota-es.
519 2173 594 2236 66.
613 2170 836 2256 promitteres.
861 2171 1123 2236 rasennam.
1141 2147 1417 2236 1116366666

261 2273 367 2355 (trenno
389 2271 549 2334 hominurn
571 2271 714 2354 pareret)
742 2291 802 2352 pro
826 2291 984 2352 apparere
1014 2273 1077 2335 iam
1101 2271 1324 2336 661666666116
1348 2271 1416 2352 661-

262 2371 478 2435 (1666666611
505 2371 717 2452 scriptoribus
740 2370 830 2452 (Sen.
859 2369 966 2448 Mart.)
988 2374 1148 2454 usitatum,
1176 2371 1234 2435 sed
1260 2376 1415 2434 nontam

260 2473 413 2553 frequens
437 2476 496 2534 est.
532 2467 571 2531 M.
593 2469 647 2534 Vl.
670 2469 732 2534 365
753 2490 902 2532 remanere
922 2491 947 2534 s.
976 2473 1048 2537 Vll.
1071 2472 1142 2536 493.
1165 2467 1240 2535 Vll.
1260 2471 1319 2536 561
1343 2489 1414 2554 sup-

170 2627 173 2636 .
255 2582 357 2656 potere
371 2572 413 2635 Aa
428 2567 447 2635 l.
462 2569 727 2633 45661166161666.
745 2591 769 2635 6.

342 2672 531 2753 Priusquam
553 2673 669 2734 tertiae
693 2677 890 2752 quartaeque
913 2671 1139 2736 declinationis
1164 2672 1292 2754 singula
1313 2673 1416 2734 verba

261 2792 489 2850 enumeremus,
515 2769 554 2830 de
577 2769 737 2833 nonnullis
752 2770 918 2833 videamus
933 2772 1073 2835 insolitis
1098 2771 1343 2854 significatIonis
1357 2770 1414 2832 im-

261 2873 500 2934 mutationibus.
523 2867 675 2931 Patiendi
699 2870 840 2951 speeiem
862 2870 965 2936 induit
981 2892 1105 2957 pascere
1126 2874 1186 2954 Ap.
1197 2871 1268 2946 438,
1292 2870 1346 2932 611
1364 2889 1414 2932 ar-

260 2972 379 3036 cessita
400 2978 453 3035 est
476 2971 518 3032 ad
548 2971 780 3050 assequendam
810 2971 966 3037 orationis
996 2972 1258 3035 concinnitatem:
1283 2969 1413 3051 parcius

258 3089 370 3153 pasco,
387 3070 490 3133 levius
509 3071 624 3150 vestio,
647 3071 749 3134 minus
771 3071 926 3134 obsono.“
958 3070 1063 3134 Vestite
1077 3078 1193 3134 neutro
1210 3089 1307 3134 sensu
1321 3089 1415 3152 prae·

258 3177 350 3234 terea
372 3170 493 3253 legitur
511 3171 600 3234 I'ert.
613 3171 652 3232 (16
668 3168 750 3232 Ρ611.
765 3171 793 3234 1.
828 3169 878 3232 Ex
894 3171 987 3234 simili
1004 3190 1121 3234 caussa
1145 3173 1217 3234 sunt
1238 3169 1319 3232 haec
1340 3173 1414 3232 orta

259 3271 298 3336 M.
320 3270 378 3335 XI.
401 3271 476 3335 808:
499 3269 571 3332 Tuo
595 3273 671 3331 nutu
691 3269 817 3351 spIrant
838 3270 974 3346 flamina,
996 3269 1138 3332 nutriunt
1159 3267 1278 3350 nubila,
1300 3269 1413 3351 germi-

258 3377 338 3433 nant
360 3370 491 3452 semina,
517 3375 668 3434 crescunt
689 3369 847 3452 germina:
876 3369 929 3432 ubi
953 3370 1004 3452 qui
1026 3370 1148 3433 nutrire
1175 3374 1290 3432 neutro
1315 3388 1414 3431 sensu

261 3469 340 3532 ferri
355 3489 453 3550 posse
469 3475 678 3552 sogesserunt,
696 3490 796 3551 aquas
813 3469 1026 3550 supplendum
1041 3489 1115 3533 esse
1130 3473 1333 3532 censuerunt.
1347 3465 1414 3530 Sed

259 3589 300 3630 ex
329 3569 523 3650 singularum
559 3569 794 3633 enunciationis
830 3569 968 3650 partium
996 3568 1112 3632 stricta
1141 3576 1236 3651 atque
1259 3573 1413 3631 accurata

260 3669 471 3750 congruentia
498 3677 531 3732 et
558 3689 598 3732 ex
627 3668 884 3732 antecedentium
912 3670 1007 3732 etiam
1037 3669 1265 3734 sententiammr
1296 3667 1412 3731 audaci

258 3787 343 3831 nexu
355 3768 566 3832 concedenda
579 3775 629 3833 est
643 3768 775 3851 passiva.
789 3768 991 3849 significatio,
1001 3770 1142 3852 quamvis
1151 3769 1254 3832 altero
1264 3768 1412 3851 exemplo

259 3875 379 3933 careat.
415 3866 527 3950 Neque
543 3869 645 3932 minus
667 3866 889 3933 memorabilia
912 3875 985 3931 suunt
1006 3869 1087 3932 haee
1102 3869 1142 3934 M.
1161 3867 1250 3932 VIII.
1266 3868 1346 3935 516:
1368 3867 1411 3931 la-

258 3978 349 4030 tenter
371 3967 577 4032 abscondimus
598 3964 656 4050 (se.
678 3966 762 4051 nos).
784 3968 844 4032 III.
870 3967 944 4032 195:
972 3969 1174 4052 proluserim,
1207 3968 1260 4052 qai
1279 3968 1413 4030 tmserim

259 4066 318 4144 (sc.
341 4064 414 4149 me),
438 4086 584 4150 quaeque
603 4068 665 4130 iarn
686 4087 746 4149 per
770 4087 805 4130 se
828 4067 1021 4130 insolentior
1042 4074 1092 4132 est
1113 4067 1234 4132 locutio
1250 4065 1338 4131 Flor.
1353 4067 1410 4130 Ill.

259 4165 313 4230 65:
336 4165 420 4241 Quid
441 4167 538 4249 igitur
554 4168 594 4230 (16
617 4168 787 4249 repentino
810 4167 849 4230 ab
872 4168 933 4231 hoe
950 4167 1210 4249 splendidissimo
1234 4173 1413 4249 conspectu

258 4270 368 4329 vestro
387 4266 551 4328 dr'stnlerirn
573 4265 631 4350 (sc.
654 4265 718 4350 me)
740 4267 760 4328 i.
785 4287 812 4330 6.
838 4273 1056 4331 conmoratus
1083 4273 1288 4350 remotusque
1312 4268 1368 4331 sim
1392 4289 1413 4331 a
1440 4271 1442 4279 '

259 4369 436 4448 conspeetu
457 4371 578 4430 vestro.
614 4367 761 4448 Denique
775 4388 839 4430 non
860 4367 1005 4430 inaudita
1021 4367 1148 4448 quidem
1167 4367 1225 4431 sed
1240 4367 1412 4457 admodum

258 4488 333 4531 rara
356 4465 449 4528 verbi
470 4466 640 4529 corruendi
663 4466 770 4530 activa
796 4468 844 4530 616
875 4469 1019 4531 notanda
1040 4473 1103 4550 est,
1131 4487 1213 4552 qnae
1236 4488 1276 4531 ex
1297 4466 1412 4550 Apulei

259 4584 346 4630 more
368 4565 498 4630 dicendi
512 4568 653 4632 manavit
674 4565 714 4633 M.
744 4566 831 4634 VIII.
855 4567 931 4634 530:
969 4567 1086 4633 Charete
1107 4614 1115 4633 .
1138 4618 1144 4633 .
1166 4569 1280 4633 corruit
1302 4588 1412 4654 eorpus
