3128 5300
786 435 827 500 10

235 641 640 728 planarc'supersedemus.
659 638 742 705 Nam
753 639 863 704 talium
876 639 1073 724 argutiarum
1087 641 1273 724 captatione
1286 641 1386 708 multo

236 744 342 809 acrius
365 750 399 808 et
417 763 523 826 paene
545 741 730 825 religiosius
746 739 918 803 adstrinxit
940 761 1022 823 sese,
1047 762 1139 824 quam
1162 745 1314 826 optimam
1333 766 1390 828 pu·

236 864 366 927 remque
405 843 535 908 dicendi
571 861 713 906 normam
748 841 943 904 observavit.
1002 841 1145 926 Simplici
1177 845 1391 910 membrorum

237 945 431 1027 aequalitate
445 963 510 1006 non
527 947 699 1006 contentus
715 940 902 1024 plerumque
919 947 974 1005 aut
988 941 1057 1006 fere
1074 963 1202 1025 semper
1217 944 1390 1010 facundiae

237 1044 396 1108 currentis
419 1041 611 1108 suavitatem
632 1061 671 1107 ao
704 1042 899 1106 modulatum
931 1042 1020 1106 auxit
1052 1045 1222 1106 verborum
1246 1044 1393 1109 similiter

237 1142 420 1208 exeuntium
441 1142 576 1225 parique
599 1143 706 1208 sonitu
728 1143 992 1224 respondentium
1015 1141 1150 1205 cumulo.
1180 1142 1269 1208 Sono
1286 1150 1393 1208 autem

237 1243 361 1326 pariter
390 1241 520 1306 cadenti
554 1243 710 1326 simulque
745 1241 980 1324 quodammodo
1017 1242 1161 1324 graviter
1192 1249 1288 1326 atque
1322 1265 1393 1308 cum

237 1343 384 1426 pondere
413 1341 542 1407 auribus
573 1363 608 1408 se
636 1342 790 1410 inferenti
817 1342 982 1424 aptissime
1010 1342 1230 1407 inserviebant
1250 1349 1316 1407 tum
1339 1345 1393 1408 de·
1501 1395 1503 1400 .

236 1441 392 1506 minutiva
415 1449 551 1524 propter
573 1444 745 1507 formarum
771 1442 1017 1525 aequalitatem,
1049 1449 1114 1506 tum
1143 1443 1306 1507 adieetiva
1326 1445 1394 1508 lon·

238 1541 331 1624 giore
360 1542 479 1605 ambitu
508 1549 541 1606 et
569 1562 639 1606 cum
670 1542 818 1626 pleniore
841 1563 899 1606 ore
922 1543 1069 1618 edenda,
1105 1543 1137 1604 in
1160 1545 1272 1606 abilin
1293 1546 1395 1608 orius

238 1645 355 1706 -undus
387 1642 608 1724 terminantia,
645 1643 763 1706 deinde
800 1641 1026 1705 adverbiorum
1065 1643 1207 1706 rariores
1238 1643 1271 1706 in
1298 1647 1393 1708 etim

239 1743 354 1824 exitus,
374 1750 408 1805 et
430 1741 632 1805 substantiva
653 1740 685 1803 in
711 1762 798 1806 men
821 1748 975 1806 mentum
990 1745 1110 1806 -bulum
1124 1741 1269 1806 finientia
1284 1745 1393 1826 (prae-

167 1875 189 1894 s
238 1848 290 1907 ter
315 1842 492 1906 verbalium
521 1841 753 1905 vocabulorum
775 1841 807 1904 in
830 1848 898 1906 ·tor
917 1845 980 1907 ·tio
1002 1849 1068 1906 ·tun
1091 1843 1272 1906 exeuntium
1293 1844 1394 1908 multi·

238 1943 398 2024 tudinem,
434 1942 477 2006 ob
507 1940 718 2006 derivationis
747 1942 935 2005 facilitatem
963 1943 1082 2025 passim
1111 1941 1152 2004 ad
1181 1941 1263 2004 bunc
1292 1943 1395 2007 solum

240 2063 329 2108 usum
351 2045 570 2118 novatoruml:
595 2041 733 2123 denique
762 2063 873 2105 ornnes
896 2041 1115 2122 conformas,
1139 2059 1221 2122 quae
1246 2049 1301 2106 aut
1321 2063 1396 2106 rara

240 2141 478 2225 spectabilique
515 2142 646 2204 fictione
684 2151 758 2206 suut
785 2151 839 2206 aut
864 2142 969 2205 exitus
997 2141 1117 2204 babent
1145 2141 1215 2204 soni
1250 2143 1394 2224 pondere

239 2240 433 2324 insigues*).
466 2240 546 2304 Rem
578 2242 797 2323 exemplorum
820 2261 941 2306 summa
962 2242 1058 2323 copia
1080 2261 1118 2304 ac
1140 2240 1298 2305 varietate
1327 2241 1395 2304 ittu-

165 2373 172 2393 ι
242 2348 395 2406 stremns:
429 2341 471 2404 Μ.
501 2341 589 2404 Vlll.
624 2341 702 2405 550:
737 2364 796 2406 non
824 2342 990 2404 laciniatim
1012 2341 1158 2424 dispersu,
1178 2341 1230 2404 red
1250 2343 1397 2404 maeotim

240 2441 349 2524 stipato
370 2453 544 2504 commeatu.
596 2441 684 2505 Flor.
707 2445 732 2506 Ι,
755 2444 812 2508 38:
841 2463 901 2504 non
927 2441 1100 2520 nnpulatnu
1121 2462 1158 2503 ac
1178 2441 1326 2504 discretim
1347 2441 1399 2502 sed

241 2541 371 2602 arcuatim
402 2551 428 2602 et
451 2544 655 2604 coaceruatim.
678 2578 719 2588 -
741 2544 781 2606 M.
806 2542 863 2606 Xl.
888 2542 972 2606 tna:
994 2562 1076 2602 nrtnc
1095 2542 1282 2603 accrementis
1300 2561 1397 2602 conse·

244 2649 365 2724 queuter
393 2644 513 2723 nuperi,
548 2663 630 2704 nunc
656 2643 837 2706 detrimentis
858 2641 1044 2725 obsequenter
1070 2641 1218 2705 imminui.
1249 2640 1291 2704 ib.
1321 2639 1395 2703 770:

191 2773 195 2782 ·
246 2740 384 2803 mulceres
406 2740 533 2805 condedo
555 2743 736 2826 splendentes
759 2742 943 2814 remicianae,
966 2741 1051 2804 ocm'o
1073 2739 1213 2802 laetanter
1231 2733 1415 2823 certamine(

244 2860 332 2902 nemo
357 2839 495 2924 [locanes
516 2843 715 2904 carcaann'ae.
763 2841 850 2906 Flor.
874 2841 898 2904 l.
920 2841 965 2905 5.;
996 2839 1150 2902 colliculus
1170 2839 1310 2922 sepimine
1330 2860 1397 2901 cca·

242 2949 377 3004 secretus
402 2940 448 3002 uel
470 2952 595 3004 tranen
622 2942 771 3004 dolamine
799 2939 944 3024 efficeatur
964 2938 1011 3002 nel
1030 2958 1127 3022 cespes
1153 2939 1292 3002 libamine
1310 2939 1399 3021 firmi·

240 3050 338 3122 patus.
371 3040 414 3104 ib.
432 3039 489 3103 IV.
520 3037 575 3104 illl:
606 3043 773 3104 tonitruum
804 3061 914 3104 sonora
935 3039 1101 3113 miracula,
1129 3037 1261 3101 adenem
1281 3039 1398 3124 obliqua

244 3138 408 3213 carucata,
421 3139 492 3202 solra
503 3161 607 3203 annue
624 3141 806 3204 reverticula.
817 3140 861 3204 ib.
872 3140 931 3202 tlt.
942 3140 980 3204 61
990 3149 1019 3201 et
1029 3140 1111 3201 ranei
1121 3137 1265 3202 natabula
1272 3142 1400 3222 etaeyrr's

244 3239 435 3304 needicubulu.
463 3243 524 3322 Ap,
538 3240 600 3305 535
620 3243 754 3304 noctium
775 3240 978 3322 occursantia,
1000 3241 1154 3302 bustorum
1175 3240 1400 3324 formednmr'na,

244 3340 450 3424 sepulcrorum
471 3343 722 3407 terriculamenta.
757 3341 797 3403 M.
816 3339 872 3405 IV.
888 3341 950 3405 384
968 3360 1033 3424 per.
1049 3350 1095 3405 ,et
1115 3359 1241 3402 currum
1261 3359 1400 3424 rapacem

244 3451 271 3502 et
292 3449 405 3502 terram
427 3451 555 3507 tenacem
582 3455 608 3506 et
626 3443 836 3506 illuminatum
868 3439 1068 3524 Proserpinae
1088 3440 1266 3524 nuptiarum
1288 3439 1400 3502 demen-

245 3539 313 3601 rnla
334 3550 361 3602 et
382 3540 602 3605 turae'ncsurum
619 3541 702 3623 filiae
722 3542 926 3604 inventionum
951 3539 1128 3604 remeneulu.
1171 3538 1259 3605 Flor.
1281 3539 1339 3600 111.
1360 3539 1401 3602 64

243 3639 377 3722 parasiti
394 3639 495 3704 edaces
515 3654 543 3704 et
561 3651 699 3726 parentes
720 3641 839 3704 remees·
856 3652 883 3704 et
904 3640 1069 3704 meretrices
1084 3659 1228 3724 procaces
1245 3637 1288 3700 ib.
1303 3639 1345 3702 Π.
1359 3637 1402 3700 42

248 3739 332 3802 Jovr'e
350 3737 487 3823 benefica,
516 3739 631 3804 Veneris
652 3739 832 3824 colraptrlicm
856 3742 971 3824 perum
991 3739 1134 3821 Mercuri,
1151 3739 1324 3824 perme'ciosn
1344 3735 1401 3800 Sa·

246 3839 333 3901 turni
352 3836 410 3922 (sc.
435 3840 545 3922 stella)
567 3840 609 3903 M.
625 3840 664 3902 V.
686 3839 748 3904 372
768 3859 828 3901 non
849 3841 973 3924 nuptiae
993 3837 1235 3922 occupatarum
1255 3839 1403 3901 nmrerb'ae

312 3986 339 4053 ⁴)
361 3985 423 4039 Non
442 4003 556 4056 prorsus
575 3987 646 4040 idem
665 4003 755 4056 neque
774 4003 808 4039 ex
826 3985 921 4040 eadem
934 3987 1040 4056 origiue
1054 3987 1219 4056 proiectum,
1238 3985 1289 4038 sed
1301 3985 1400 4040 iisdem

248 4069 446 4122 vocabulorum
465 4070 560 4123 tornris
579 4071 739 4124 concinnati
757 4070 833 4138 paris
851 4071 960 4122 sonitus
979 4069 1099 4123 studium
1117 4068 1191 4140 apud
1208 4072 1321 4121 ceteros
1335 4084 1401 4138 quo-

248 4165 302 4218 que
319 4151 407 4205 Atros
432 4155 536 4222 passim
559 4153 739 4208 animadverti
758 4155 867 4222 potest:
893 4152 966 4221 apud
985 4168 1055 4220 quos
1073 4151 1182 4222 quidam
1200 4166 1255 4204 non
1273 4151 1400 4203 similiter

248 4233 389 4301 perpolita
407 4250 440 4288 ac
458 4237 562 4289 minuta
580 4236 726 4304 diligentia
748 4251 838 4305 neque
861 4235 982 4288 tortasse
998 4235 1034 4288 ad
1052 4233 1225 4289 deliniendos
1242 4251 1324 4288 aurea
1342 4239 1401 4286 tan-

248 4321 306 4368 tum
324 4317 522 4387 frequentatur.
578 4321 662 4374 Certe
680 4318 808 4372 similium
826 4332 924 4371 vocum
942 4317 1068 4387 longiore
1091 4318 1209 4372 circuitu
1226 4318 1338 4387 gravius
1357 4334 1401 4370 so-

249 4399 372 4454 nantium
392 4401 665 4466 in-men-meutum,
694 4401 799 4454 -culum
824 4400 975 4454 finientium
1002 4401 1209 4472 oppositiones,
1237 4418 1349 4470 quarum
1369 4418 1403 4454 ex

248 4484 371 4551 Apuleio
395 4482 512 4553 plurima
534 4485 698 4554 collegimus
721 4484 862 4554 exernpla,
889 4489 918 4535 et
941 4500 975 4536 ex
993 4483 1165 4536 Tertulliano
1184 4484 1336 4553 permultae
1356 4485 1403 4552 (ot.

238 4563 311 4628 ,Pall
330 4566 364 4633 1.)
381 4570 502 4636 possunt
519 4567 675 4636 comparari
693 4573 720 4618 et
741 4583 774 4618 ex
794 4567 941 4636 Cypriane.
960 4568 1035 4620 velut
1052 4566 1088 4618 da
1106 4567 1183 4620 Orat.
1202 4569 1272 4621 dom.
1293 4569 1313 4620 l.
1333 4583 1402 4628 ,ma-

249 4646 1402 4722 [poteria-fundamenta-firmamenta·nutrimenta-[rubennuculapraesidiaete.ss
