3128 5300
823 397 864 465 24

274 595 363 666 MX.
382 601 442 667 687
461 599 557 685 fratri
574 617 628 666 suo
644 609 787 685 paratam
810 609 932 664 mortem
954 599 1041 664 ebibit
1062 599 1114 682 (cf.
1136 601 1248 665 Lucan
1264 602 1336 668 VH.
1349 601 1429 686 517)

273 701 315 767 X.
338 702 398 765 726
419 712 453 764 ut
474 751 480 764 .
503 749 510 764 .
533 710 638 764 emeret
660 709 781 762 mortem
804 700 910 763 mariti
927 703 980 765 sui
1005 703 1062 780 (sc.
1085 706 1257 780 venenum)
1284 703 1338 768 XI.
1365 704 1429 768 778

273 801 398 866 salutem
425 803 521 884 ipsam
547 821 643 864 meam
668 820 772 884 perens
804 799 863 883 (66.
888 801 1067 882 66666666)ι
1086 802 1143 868 IV.
1166 804 1227 868 272
1252 803 1361 887 paudii
1378 805 1434 868 sui

271 902 383 986 perulis
405 901 463 980 (so.
485 901 606 973 ursae).
628 901 683 966 IX.
705 900 766 964 662
782 902 987 984 prosternitur
1001 905 1150 987 saeuosque
1164 903 1224 966 illes
1246 951 1252 964 .
1275 952 1281 964 .
1303 904 1431 968 canibus

274 1003 397 1066 instruit
417 1001 564 1082 nefariam
586 998 691 1084 dapem
712 999 768 1064 IV.
791 1000 851 1064 268
872 1002 935 1066 suis
957 1001 1050 1086 epuiis
1069 1002 1230 1066 bestiarum
1250 1008 1371 1088 sapenos
1384 1005 1432 1068 in·

273 1111 425 1166 stertentes.
447 1099 524 1162 ibid.
537 1098 598 1162 269
620 1099 806 1162 advenerant
826 1120 967 1182 qeneroso
988 1101 1042 1164 illa
1063 1103 1275 1166 damnatarum
1296 1106 1432 1188 sapitum

271 1204 382 1285 funera
398 1199 498 1264 multa
509 1199 581 1262 alia.
609 1196 818 1281 Quantopere
835 1205 942 1264 autem
956 1199 1005 1262 his
1022 1202 1280 1284 exquisitissimis
1296 1203 1432 1268 dicendi

274 1299 457 1368 insolentiis
472 1300 652 1364 immutetur
666 1298 796 1380 linguae
810 1299 1009 1362 consuetudo
1025 1299 1179 1384 legitima,
1201 1323 1264 1366 unc
1278 1303 1431 1386 exemplo

274 1401 446 1486 preposito
469 1399 627 1464 illustrem
648 1398 690 1463 M.
713 1397 753 1460 V.
775 1397 837 1462 340
858 1447 865 1464 .
889 1399 1014 1483 afflari
1032 1411 1060 1462 et
1080 1401 1239 1466 eorsibilarn'
1256 1423 1310 1466 nos
1330 1403 1430 1466 iussit.

275 1498 478 1566 Exsihilandi
506 1499 589 1564 enim
614 1497 746 1562 verbum
774 1497 815 1559 ad
837 1497 987 1564 usitatam
1016 1500 1285 1583 significationem
1312 1502 1433 1565 alludit

276 1603 412 1686 quidem,
443 1599 503 1665 sed
525 1600 564 1664 de
593 1597 742 1681 Zephyro
772 1596 889 1660 dicitur
915 1597 1004 1664 iussu
1025 1599 1170 1683 Psyches
1200 1621 1329 1666 sorores
1351 1603 1433 1664 flatu

276 1724 334 1768 suo
346 1701 501 1766 efferente
514 1699 664 1780 nullaque
676 1698 785 1762 renisi
799 1717 839 1762 66
860 1697 1018 1764 allusione
1031 1702 1280 1782 apraecedente
1296 1701 1432 1766 efflandi

275 1804 376 1868 verbo
400 1800 561 1863 diversum
584 1802 643 1863 est.
857 1781 861 1792 ’
1455 1781 1460 1790 ’

359 1901 473 1984 Neque
496 1905 603 1962 tamen
633 1896 713 1961 haec
741 1897 850 1961 faceta
886 1917 1007 1982 genere
1035 1902 1203 1965 verborum
1238 1901 1373 1966 incitata
1397 1908 1434 1965 et

278 2008 436 2068 exornata
471 1998 571 2062 distic
605 1999 752 2061 seiuncta
774 2004 825 2061 est
846 1999 886 2062 ah
910 2019 957 2082 ea,
982 2021 1062 2082 quae
1086 2002 1253 2065 incondita
1272 2008 1432 2082 vastaque

277 2105 447 2170 verborum
456 2096 541 2162 mole
553 2098 691 2160 moleste
704 2099 864 2164 cumulata
874 2100 1002 2163 nativae
1012 2100 1284 2184 ubertatisperdit
1294 2102 1434 2185 gratiam

277 2222 316 2266 ac
337 2203 552 2266 venustatem.
585 2197 731 2281 Utraque
753 2199 837 2262 ratic
851 2199 968 2281 ubique
988 2201 1161 2264 coniuncta
1183 2209 1333 2284 apparet:
1354 2201 1433 2264 utri·

279 2321 340 2384 666
363 2301 425 2365 hoa
448 2317 613 2364 commuue
642 2304 701 2382 est,
728 2304 763 2362 ut
784 2298 923 2382 vulgaris
953 2300 1150 2383 simplexque
1178 2301 1332 2384 loquendi
1354 2320 1434 2364 con-

255 2411 259 2418 ‘
278 2401 413 2467 suetudo
441 2419 526 2464 novo
557 2398 770 2482 distinguatur
789 2401 867 2464 flare
891 2419 927 2464 aa
949 2400 1081 2463 lumine:
1116 2421 1198 2483 quae
1222 2421 1284 2484 quo
1305 2400 1436 2464 rariora

278 2506 371 2566 erant
392 2500 536 2564 novitate
550 2505 643 2582 atque
664 2499 809 2582 audacia,
833 2520 872 2564 eo
895 2499 1033 2582 Apuleio
1056 2500 1209 2584 gratiora.
1238 2501 1329 2564 Illam
1349 2521 1433 2564 vero

277 2601 440 2686 propriam
462 2599 597 2666 Latinae
621 2601 776 2665 orationis
798 2600 1062 2683 perspicuitatem
1085 2620 1230 2682 pressam
1261 2621 1298 2664 ac
1321 2598 1434 2663 diluci-

279 2705 352 2768 dam
375 2700 517 2764 sunditus
543 2701 672 2767 delerit.
704 2701 810 2783 Atque
833 2701 924 2763 huius
940 2700 1079 2764 tumidae
1096 2706 1284 2783 tumoreque
1299 2700 1434 2782 putidae

279 2803 432 2868 dictionis
456 2802 546 2864 auxit
568 2801 735 2866 molestias
758 2807 792 2864 et
813 2801 969 2883 salebras,
1000 2821 1092 2884 quum
1112 2802 1213 2865 voluit
1236 2800 1434 2883 amplificare

278 2903 468 2989 gravitatem
492 2907 525 2967 et
546 2901 779 2984 excelsitatem,
804 2907 870 2963 tum
885 2901 1055 2965 verborum
1074 2902 1253 2964 sonantium
1265 2903 1306 2963 'ac
1323 2919 1432 2981 paene

278 3004 452 3070 enormium
477 3003 641 3084 congerie,
664 3008 730 3064 tum
753 3002 934 3066 sententiae
956 3022 1022 3065 nan
1051 2993 1165 3066 flexilis
1188 3001 1247 3067 sed
1268 3001 1435 3064 flexuosae

278 3103 477 3186 amhagibus
499 3103 550 3165 Ad
563 3103 648 3185 quod
660 3102 882 3167 illustrandum
898 3102 1053 3185 exemplis
1069 3104 1288 3166 contineamur
1302 3100 1434 3182 paucis:

277 3205 319 3269 M.
343 3205 393 3269 VI.
405 3203 466 3268 385
486 3201 683 3286 Proserpinae
703 3204 879 3287 nuptiarum
900 3202 1212 3286 demeacula-fileae
1228 3203 1436 3265 inventionum

277 3301 456 3368 remeaaula.
499 3303 540 3367 II.
557 3303 617 3366 114
639 3305 761 3388 lamque
782 3303 899 3366 aemuia
921 3303 1042 3367 libidine
1063 3303 1096 3365 in
1117 3303 1229 3364 amoris
1247 3300 1435 3386 parilitatem

278 3403 565 3488 nonpermanesoenti
600 3422 721 3466 meeum.
767 3405 800 3469 V.
834 3405 895 3468 364
929 3401 1084 3487 (Psyche)
1117 3399 1250 3464 sublimis
1278 3401 1435 3462 erectionis

278 3502 449 3567 miseranda
471 3501 623 3587 appendia
645 3501 677 3565 et‘
691 3523 750 3585 per
770 3504 889 3567 nubilas
915 3505 1024 3590 ptapas
1048 3501 1177 3588 penduli
1205 3501 1360 3564 comitatus
1382 3521 1434 3562 eoo·

278 3614 372 3668 trema
394 3603 550 3688 consequia
578 3607 640 3667 etc.
683 3603 750 3665 Iam
771 3604 805 3668 in
825 3624 931 3668 rerum
959 3602 1266 3684 simplicissimarum
1289 3600 1433 3681 descrip-

279 3706 368 3771 tione
392 3703 611 3768 animadverte
635 3702 676 3766 ad
697 3704 822 3767 tardum
838 3703 1066 3785 difficilemque
1088 3703 1260 3765 verborum
1282 3699 1436 3763 ambitum

278 3806 368 3871 velut
388 3804 430 3870 M.
452 3799 507 3866 XI.
532 3803 592 3867 778
613 3806 675 3867 esus
695 3799 856 3886 (uenulae)
878 3801 1026 3885 orificium
1047 3803 1079 3864 in
1101 3800 1235 3863 canalem
1260 3808 1435 3884 porrectum

279 3907 364 3991 loupo
386 3905 485 3969 riuulo
502 3903 700 3988 prominebat.
760 3904 812 3966 Eoo
835 3903 896 3968 alia
929 3923 997 3966 uero
1022 3912 1109 3987 parte
1141 3901 1266 3964 muitum
1298 3899 1434 3962 recedens

279 4009 411 4090 spotima
438 4004 580 4068 dilatione
606 4002 785 4068 adhaerebat
811 4024 886 4066 ansa
920 4009 981 4067 etc.
1035 4002 1088 4065 vel
1120 4001 1178 4064 ΠΙ.
1214 4001 1277 4066 220
1310 4001 1434 4062 alternis

280 4107 432 4170 nortatibus
451 4106 576 4169 vibratis
598 4103 750 4167 bracchiis.
769 4103 812 4169 Π.
831 4104 891 4168 173
905 4103 1048 4188 palmulis
1063 4105 1095 4167 in
1117 4101 1248 4165 alternas
1269 4100 1433 4184 diyitorum

279 4207 495 4273 ur‘osssitubenes
509 4205 637 4268 aonem's.
682 4200 721 4270 X.
757 4205 816 4268 697
848 4204 938 4289 pedes
964 4205 1084 4267 incertis
1105 4201 1351 4265 alternationibus
1371 4219 1432 4260 mo·

279 4327 355 4371 nere.
378 4341 419 4350 --
436 4307 478 4373 ll.
498 4305 558 4370 165
579 4307 725 4369 uicarium
742 4325 804 4388 pro
818 4327 863 4368 me
878 4305 1027 4368 lanienam
1038 4304 1216 4387 suseeptaoit
1231 4302 1290 4383 (sc.
1305 4320 1365 4383 pra
1382 4320 1433 4362 me

279 4407 418 4471 laniatus
441 4407 503 4486 est)
517 4406 559 4472 X.
572 4406 633 4472 705
648 4429 678 4469 se
696 4457 702 4471 .
727 4454 733 4467 .
755 4457 760 4468 .
784 4405 899 4468 nullom
917 4405 1038 4489 denr'que
1056 4403 1270 4488 subreptionem
1282 4401 1434 4485 factitasse

284 4509 318 4591 (i.
341 4529 369 4574 e.
393 4507 470 4570 nihil
494 4506 718 4592 subripuisse.)
760 4505 834 4570 Non
867 4504 1062 4570 omittendus
1094 4508 1145 4566 est
1174 4503 1206 4566 in
1228 4503 1277 4566 his
1300 4521 1366 4564 nan
1387 4499 1434 4562 in·

282 4607 436 4693 frequens
458 4627 534 4672 usus
557 4607 691 4690 pluralis
714 4607 836 4670 numeri
857 4605 1096 4678 vocabulorum,
1120 4623 1200 4684 quae
1224 4603 1356 4666 dicimus
1380 4602 1434 4664 ab·
