3128 5300
712 397 884 504 ae'

157 643 295 703 sauata:
323 638 375 720 qui
396 657 462 702 non
485 639 586 702 solum
612 638 645 700 in
667 639 804 722 turgida,
840 638 907 703 sire
929 639 1081 704 malueris
1110 637 1308 724 praegrandi

157 738 322 820 oratione,
373 736 432 800 scd
471 738 599 802 omnino
643 737 771 820 saepius
808 739 894 821 apud
936 740 1104 823 Apuleium
1148 741 1310 823 reperitur

158 857 253 920 quam
295 836 379 920 apud
421 837 645 902 antecedentis
682 838 799 901 aetatis
829 838 1022 922 scriptores,
1059 861 1215 924 quemque
1253 841 1308 904 im-

156 939 283 1002 modice
320 937 607 1020 frcquentavcrunt
642 938 859 1020 posteriores,
894 939 1040 1022 inprimis
1075 939 1306 1008 Tertullianus.

156 1041 231 1104 Huc
257 1038 356 1121 igitur
380 1037 495 1104 refer:
529 1038 571 1104 M.
595 1038 654 1102 ΙΙΙ.
691 1038 753 1102 220
778 1036 944 1102 inmodicis
961 1038 1145 1123 horripilant
1166 1041 1309 1105 auctibus.

155 1142 213 1204 71.
256 1139 318 1204 382
359 1138 541 1201 discursibus
578 1138 621 1202 ib.
658 1137 719 1203 393
746 1139 914 1204 raccaredus.
948 1139 1006 1206 XI.
1039 1139 1100 1204 795
1134 1145 1307 1224 apertiones.

156 1241 200 1306 ib.
237 1239 301 1304 804
332 1237 551 1321 entellepentias.
583 1237 626 1302 it».
656 1239 726 1304 817.
766 1239 1026 1304 determinationes.
1062 1240 1105 1303 ib.
1140 1239 1201 1304 766
1222 1241 1309 1304 casti·

156 1340 265 1405 maue‘r's
297 1338 339 1403 cf.
373 1337 433 1402 ΠΙ.
479 1337 548 1402 184.
576 1337 644 1402 186.
672 1337 728 1402 17.
750 1339 821 1404 246.
857 1340 898 1406 7.
930 1340 1001 1405 335.
1037 1337 1108 1404 355.
1143 1339 1206 1422 Ap.
1238 1339 1308 1407 529.

156 1441 233 1507 535:
255 1439 344 1504 Flor.
365 1437 408 1502 H.
429 1436 479 1502 41.
501 1437 557 1503 17.
580 1437 629 1502 87.
647 1473 688 1484 -
715 1439 792 1505 Asc.
815 1440 876 1504 292
897 1440 1153 1505 commodaticaes.
1175 1440 1237 1504 293
1258 1441 1309 1504 ad·

157 1541 340 1605 murationes.
363 1537 439 1601 ibid
454 1536 651 1601 adorationes.
694 1536 774 1604 DPl.
796 1539 821 1604 I.
838 1540 908 1605 200.
931 1540 1130 1604 obscuritates.
1152 1537 1233 1606 Dsr.
1249 1539 1309 1604 159

156 1642 324 1705 doctiorum
344 1657 465 1702 cruores
488 1646 514 1698 et
535 1636 645 1701 colores
666 1644 728 1703 etc.

241 1739 436 1822 Atquehaee
449 1738 554 1802 omnia
567 1738 606 1801 de
619 1737 820 1828 Apuleianae
828 1738 979 1804 dictionis
991 1739 1308 1822 proprietatibuspu-

157 1841 226 1906 tavi
242 1839 427 1904 neccssaria
444 1844 519 1902 ante
535 1837 728 1921 exponenda
742 1857 825 1917 esse,
844 1859 938 1920 quam
957 1838 1099 1922 singulas
1112 1839 1310 1920 aggrederer

155 1941 350 2005 locationes
393 1939 474 2002 Nam
484 1938 519 2000 in
532 1938 696 2020 plerisque
713 1938 816 2020 iisque
829 1939 924 2003 etiam
937 1937 1180 2021 simplicissimis
1197 1938 1310 2001 eadem

156 2041 300 2104 cernitur
324 2040 408 2102 ratio
428 2038 604 2119 eademque
628 2036 798 2100 affectatur
819 2043 873 2102 aut
901 2040 1089 2122 ponderosa
1115 2036 1234 2100 duritia
1256 2042 1310 2100 aut

156 2140 265 2204 audax
285 2136 455 2202 translatio
479 2142 534 2200 aut
549 2137 677 2201 omnino
692 2137 818 2219 aliquae
834 2123 988 2203 inusitata
1008 2137 1147 2220 novitas,
1171 2156 1233 2218 qua
1254 2138 1308 2199 im-

156 2247 298 2304 mutetur
324 2237 439 2301 solitae
463 2237 704 2301 consuetudinis
726 2237 863 2319 species.
903 2237 953 2300 De
987 2237 1160 2312 nonnullis,
1189 2257 1310 2320 quaea

157 2339 319 2406 communi
339 2359 399 2402 usu
418 2336 535 2399 leviter
555 2340 677 2399 tantum
698 2335 850 2400 differunt
864 2357 1011 2420 quaeque
1026 2308 1215 2420 nesscgenti
1239 2337 1308 2401 fere

157 2439 366 2522 simplicitate
389 2437 430 2500 ad
451 2435 593 2518 vulgaris
616 2437 773 2500 sermonis
794 2436 897 2500 minus
920 2437 1039 2501 exculti
1061 2437 1203 2519 inopiam
1220 2455 1310 2499 aece-

157 2541 238 2603 dere
276 2537 439 2618 videntur,
474 2535 660 2618 insequenti
703 2541 796 2618 parte
831 2534 1018 2602 disseretur.
1058 2537 1126 2599 Iam
1164 2534 1312 2618 exempla

156 2656 387 2723 proponamus
411 2642 562 2718 quantum
582 2635 652 2698 deri
672 2640 793 2716 potest,
826 2634 973 2700 ordinate
1008 2635 1051 2701 Μ.
1078 2636 1166 2701 7ΠΙ.
1196 2635 1259 2700 570
1279 2636 1312 2697 in

156 2760 240 2800 maes
261 2738 401 2820 fortunas
423 2736 566 2800 ridiculos
587 2735 773 2798 construebat
793 2736 881 2798 r'oces.
925 2731 973 2799 lX.
1001 2735 1064 2799 622
1094 2757 1196 2799 scenas
1224 2737 1311 2818 frau-

157 2837 297 2901 dulentas
318 2839 349 2900 in
371 2837 495 2900 anitium
516 2837 649 2899 mariti.
673 2883 680 2899 .
704 2833 899 2897 construebat.
936 2831 974 2898 ll.
999 2835 1058 2899 133
1072 2836 1121 2897 Ad
1140 2835 1225 2897 atrae
1244 2854 1311 2896 noc·

157 2939 199 3002 tic
217 2936 370 3022 cuempiar
389 2937 576 3001 ectruaimus
597 2934 675 2998 elem
690 2933 854 3018 plusculas.
876 2919 935 2999 ΠῘ.
959 2933 1019 2998 195
1038 2954 1123 3017 quem
1142 2936 1203 3018 ipse
1221 2933 1312 3014 sadri-

157 3059 298 3102 eaoeram
324 3040 419 3102 nsum
441 3037 594 3100 obuiorum
623 3034 782 3098 decimans.
803 3034 859 3100 71.
882 3034 954 3099 445.
997 3045 1119 3097 mortem
1140 3033 1199 3096 sihi
1219 3032 1312 3117 sedri-

158 3160 237 3202 cere.
260 3139 333 3203 711.
355 3139 418 3202 466
432 3125 603 3220 prandeum
616 3133 793 3216 fabricatur.
814 3167 857 3176 —
877 3135 985 3199 Mand.
1008 3133 1069 3198 336
1090 3134 1215 3197 salutem
1231 3134 1316 3217 operi

159 3237 369 3301 mecaenatem.
413 3236 454 3301 Μ.
477 3238 529 3300 lll.
555 3236 613 3298 197
635 3255 776 3320 anporem
790 3235 879 3298 ictum
894 3235 949 3298 att
963 3235 1163 3298 conannaere.
1184 3233 1227 3298 ib.
1253 3232 1314 3295 194

159 3340 251 3403 russei
272 3339 332 3400 tuis
353 3336 521 3420 obsequium
543 3336 737 3399 commodare.
775 3329 823 3400 lX.
845 3335 906 3401 613
938 3334 1096 3398 lucubrare
1118 3380 1126 3394 .
1148 3381 1155 3396 .
1179 3333 1314 3414 farinam

139 3437 342 3522 .prreipiiem.
384 3433 439 3501 111.
473 3436 543 3501 210.
575 3436 631 3501 17.
665 3437 735 3501 316.
769 3431 818 3499 ΧΙ.
842 3434 912 3498 806.
944 3427 982 3498 Χ.
1017 3432 1077 3496 712
1103 3431 1314 3496 domuitionem

152 3538 296 3623 perabat.
318 3539 354 3601 11.
378 3538 437 3601 168
459 3536 601 3599 titubante
621 3536 739 3618 acstipio
768 3534 977 3597 domuitionem
1011 3551 1139 3614 capesso.
1181 3526 1232 3593 Xl.
1251 3531 1311 3596 788

159 3638 203 3700 ad
220 3638 327 3720 senum
347 3636 475 3699 reditum
486 3646 649 3722 capessunt.
670 3635 728 3698 71.
751 3633 822 3698 258.
841 3634 926 3698 7111.
948 3630 1019 3695 553.
1039 3631 1120 3695 nulli
1135 3642 1240 3695 centra
1260 3653 1314 3694 aas

159 3737 276 3800 adetum
302 3735 442 3799 tulerunt.
485 3736 534 3800 Xl.
561 3735 640 3799 808:
674 3733 804 3796 Romam
837 3751 940 3795 emmas
966 3730 1180 3815 prosectionem
1206 3729 1313 3813 diripe.

161 3835 299 3902 12311.
329 3837 396 3900 141.
417 3836 450 3918 se
469 3834 552 3897 ulem
573 3836 716 3899 reneetire.
753 3829 811 3897 111.
842 3833 901 3897 193
927 3833 1070 3896 sermonis
1096 3832 1189 3894 arcem
1208 3829 1313 3910 resero.

160 3934 407 4001 luctatum
436 3934 567 4018 pradum
595 3947 621 3997 et
653 3933 796 3997 alniacum
823 3932 973 3996 silentium
995 3931 1135 3994 tolerans.
1179 3929 1222 3994 ib.
1243 3929 1313 3993 281.

156 4056 295 4120 premens
317 4034 461 4098 alateum
481 4036 631 4098 silentium
657 4036 812 4118 oestipium
843 4052 932 4094 suum
953 4031 1086 4116 repir'cat.
1141 4028 1313 4111 Inproprie

162 4137 346 4200 dictasunt
369 4134 464 4198 etiam
495 4134 576 4198 haee
603 4134 645 4199 M.
679 4134 764 4199 Vlll.
794 4134 865 4198 543.
892 4133 963 4208 567,
990 4132 1060 4196 537.
1090 4134 1152 4194 cte.
1179 4130 1315 4212 omnique

161 4237 265 4300 comite
286 4235 436 4300 viduetur.
480 4234 609 4298 111793
648 4233 708 4297 Nee
718 4235 779 4317 fuit
793 4255 856 4296 noe
866 4254 929 4296 ane
950 4280 955 4293 .
980 4281 987 4294 .
1013 4279 1020 4294 .
1042 4231 1108 4294 ersa
1130 4230 1200 4294 deae
1221 4230 1313 4294 moni·

161 4347 250 4421 tapete
271 4337 379 4400 ieiuna.
400 4331 453 4397 17.
477 4333 535 4396 198
557 4354 694 4398 caussam
710 4334 826 4398 nudari
842 4335 973 4417 partiens.
996 4331 1059 4412 Ap.
1081 4329 1143 4395 526
1164 4340 1254 4414 caput
1275 4381 1281 4394 .
1305 4376 1312 4391 .

161 4434 271 4521 capillo
286 4435 477 4520 populatam.
499 4435 537 4498 ll.
561 4434 629 4498 134.
660 4431 717 4498 111.
749 4434 808 4498 182
827 4431 968 4516 pladiola
991 4433 1044 4514 pai
1064 4451 1109 4491 me
1131 4481 1137 4492 .
1161 4475 1169 4494 .
1195 4429 1314 4492 comita·
1337 4501 1341 4507 ¹

161 4537 253 4601 hatur
274 4534 294 4603 1.
317 4537 367 4602 62.
390 4556 510 4619 eamque
530 4531 590 4617 (sc.
614 4531 797 4617 spongiam)
817 4551 932 4616 pareus
973 4529 1135 4593 admodum
1156 4529 1315 4592 comitetur

162 4657 256 4702 eruar
277 4634 428 4722 (quocum
451 4637 492 4702 cf.
514 4635 556 4701 M.
578 4627 598 4701 l'.
615 4634 663 4698 80.
687 4633 737 4699 Vl.
752 4633 824 4698 442.
845 4631 956 4696 11117
979 4631 1091 4696 dictum
1111 4630 1177 4693 risu
1198 4639 1314 4692 secutur

1083 4743 1101 4802 t
