3068 5310
686 381 726 450 79

213 585 319 670 Atque
341 585 392 654 his
419 585 519 654 ferme
540 583 616 651 mihi
634 583 750 650 videor
773 581 954 653 absolvisse
977 584 1167 669 gravissima
1189 603 1285 668 quae·

126 705 208 768 que,
243 707 325 770 quae
348 687 388 751 de
409 687 519 752 verbis
540 687 662 770 primae
686 686 913 770 declinationis
935 686 1058 750 formae
1078 686 1285 770 notionisque

124 785 275 850 novitate
296 785 476 872 insignibus
499 793 592 852 erant
614 785 788 852 afferenda.
832 787 966 870 Integra
984 790 1090 850 autem
1111 786 1215 850 adhuc
1236 806 1286 852 re·

126 881 216 968 liqui
228 889 419 968 deponentia
440 892 474 951 et
495 907 548 971 ea,
578 907 659 972 quae
685 892 821 973 propter
846 886 1083 952 terminationis
1105 886 1230 952 activae
1254 892 1287 952 et

125 983 279 1066 passivae
307 984 501 1050 insolentem
527 985 735 1052 mutationem
756 985 1059 1052 commemoratione
1081 986 1180 1070 digna
1202 991 1286 1052 sunt.
1412 983 1419 992 '

126 1081 281 1158 Quamvis
301 1103 342 1148 ea
362 1105 467 1168 pauca
488 1091 610 1150 tantum
632 1087 704 1168 sint,
728 1088 903 1172 separatim
918 1087 1075 1170 colligere
1092 1091 1125 1149 et
1138 1105 1203 1148 nna
1217 1103 1287 1158 cum

127 1187 312 1247 ceterarum
340 1185 591 1251 declinationum
619 1187 853 1270 deponentibus
888 1186 1024 1250 maxime
1062 1205 1079 1248 e
1115 1203 1151 1248 re
1183 1185 1287 1250 visum

127 1288 198 1349 estc
221 1304 302 1367 qnae
324 1290 502 1369 propterea
523 1286 646 1369 primae
676 1287 886 1352 declinationi
909 1285 1074 1370 aptissime
1095 1285 1285 1348 subnectun-

125 1389 191 1466 tur,
214 1385 288 1468 quia
308 1405 441 1450 numero
465 1386 634 1452 admodum
656 1407 761 1469 panca
775 1393 849 1453 sunt
863 1387 1027 1468 multoque
1043 1384 1092 1466 iis,
1116 1404 1197 1468 quae
1212 1385 1285 1448 huic

128 1485 262 1549 addicta
292 1491 380 1565 sunt,
408 1485 573 1550 inferiora.
616 1486 666 1550 Aa
693 1487 828 1569 primum
855 1489 894 1552 de
923 1503 1176 1568 eorumgenere
1199 1484 1286 1549 vide·

129 1605 235 1666 amus,
264 1604 346 1667 quae
375 1606 469 1668 quum
495 1587 594 1669 vulgo
616 1605 683 1650 non
702 1586 735 1648 in
756 1608 817 1653 usu
837 1587 901 1652 sint
921 1585 985 1650 nisi
1005 1585 1110 1648 forma
1130 1584 1286 1667 patiendi,

128 1684 250 1768 agendi
287 1685 385 1748 etiam
415 1686 621 1768 reperiuntur
654 1686 766 1770 figura,
811 1683 912 1763 Quam
946 1685 1134 1767 plerumque
1170 1683 1288 1766 priscis

129 1783 344 1865 scriptoribus
365 1785 518 1850 usitatam
540 1785 640 1850 fuisse
662 1791 800 1867 constat,
826 1787 885 1850 sed
907 1784 1056 1850 excultae
1078 1782 1287 1865 florentisque

125 1876 260 1966 linguae
295 1886 528 1949 consuetudine
558 1885 694 1949 desitam
724 1874 819 1970 atque
855 1885 1054 1949 exculcatam
1078 1901 1168 1947 esse:
1202 1882 1290 1964 quod

128 2002 225 2066 quum
252 1983 292 2047 de
322 1981 539 2067 compluribus
568 1991 656 2048 certe
686 1987 823 2051 sciamus
856 1984 911 2064 (cf.
934 1985 1037 2050 Prisc.
1049 1981 1140 2045 VIII.
1153 1979 1182 2046 5.
1197 1981 1226 2047 6.
1240 2001 1288 2062 sq.

126 2081 221 2148 VIII.
235 2083 264 2148 4.
281 2083 343 2163 15.)
361 2083 401 2147 de
416 2083 547 2166 reliquis
564 2084 749 2148 coniectare
771 2084 863 2160 licet,
879 2105 1012 2166 quorum
1026 2103 1092 2147 non
1107 2071 1290 2163 accepimus

126 2183 163 2248 in
183 2187 275 2247 tanta
290 2182 509 2265 exemplorum
523 2188 670 2270 vetustae
689 2184 832 2266 inprimis
846 2185 977 2268 linguae
1006 2181 1145 2266 penuria
1167 2181 1289 2244 formas

127 2283 270 2348 activas:
292 2280 448 2350 M.v.347
471 2283 598 2347 adulare
620 2303 717 2348 sensu
738 2286 899 2350 translato
922 2287 1022 2363 (vultu
1042 2282 1131 2345 laeto
1148 2281 1195 2345 sic
1215 2279 1289 2344 adu·

57 2462 60 2468 ,
125 2381 212 2460 lant)
234 2384 274 2447 ab
299 2383 420 2466 optima
441 2383 572 2447 dicendi
591 2385 717 2448 ratione
733 2383 871 2449 alienum
890 2384 1149 2466 estprimumque
1171 2379 1291 2463 legitur

127 2481 217 2564 apud
237 2481 543 2564 Val.Max.IV.3.4,
567 2483 684 2547 deinde
708 2484 794 2566 apud
812 2489 998 2566 postremae
1020 2479 1190 2544 latinitatis
1213 2479 1290 2544 scri-

126 2587 242 2664 ptores
263 2581 386 2646 Auson.
400 2579 555 2662 Mamert,
573 2583 613 2646 de
637 2603 750 2646 canum
770 2582 899 2655 blandis
922 2581 1068 2664 gestibus
1091 2578 1176 2662 apud
1196 2577 1291 2642 Lacr.

127 2680 264 2745 V.1068
287 2685 321 2744 et
342 2682 429 2765 apud
443 2681 510 2746 Cic.
519 2682 666 2747 TusclI.
676 2683 724 2746 10.
732 2683 772 2746 24
794 2683 827 2746 in
841 2701 938 2746 versu
953 2700 995 2744 ex
1008 2677 1170 2762 Aeschylo
1186 2683 1290 2742 trans·

127 2783 212 2845 lato:
244 2781 399 2864 passivae
432 2781 555 2846 formae
594 2783 728 2846 notione
758 2782 926 2866 praeditae
962 2779 1108 2862 patiendi
1139 2777 1291 2842 Ciceroni

126 2880 369 2964 frequentiores
393 2885 475 2947 sunt.
498 2917 538 2926 -
557 2877 596 2945 M.
605 2882 630 2945 Ι.
639 2881 679 2946 72
701 2883 852 2946 aemulare
874 2903 899 2946 s.
919 2878 1006 2944 Flar.
1016 2879 1090 2946 120
1110 2879 1293 2944 tabulatura

127 2981 247 3048 Varro.
270 2981 348 3061 (ari
368 2979 720 3066 Plaut.Most.I.2.='›0.)
741 2983 872 3064 Apate
887 2980 1022 3045 blandae
1043 2979 1208 3066 (hocloco
1225 2999 1292 3044 non

128 3081 212 3146 satis
238 3079 395 3144 firmatum
418 3081 483 3162 est)
515 3081 557 3147 M.
575 3081 634 3147 ΙΠ.
654 3081 714 3146 185
736 3088 798 3148 etc.
821 3079 1001 3145 cachinnare
1025 3080 1120 3147 Lucr.
1142 3077 1223 3146 DSr.
1233 3080 1292 3145 119

127 3189 251 3244 cantare
271 3177 353 3243 Enn.
375 3180 481 3247 Plaut.
503 3181 544 3245 M.
553 3181 627 3248 VII.
635 3183 698 3247 466
712 3185 894 3246 commrbara
917 3201 942 3245 s.
964 3180 1110 3262 (passive
1131 3178 1293 3246 tax.on

128 3279 324 3344 comminata
345 3282 451 3361 nece.)
474 3281 659 3348 blavaco
680 3283 962 3346 commendoms:
986 3281 1054 3343 sine
1076 3279 1173 3345 dubio
1195 3278 1291 3343 usita-

128 3381 194 3444 tius
224 3384 303 3459 erat,
335 3401 428 3462 quum
457 3382 580 3446 formae
610 3381 851 3464 deponentialis
879 3379 970 3444 notio
992 3380 1126 3463 passiva
1148 3379 1294 3443 crebrior

129 3485 272 3544 occurat.
294 3480 369 3545 Asc.
383 3480 444 3546 287
476 3483 645 3565 imapr'reare
672 3481 754 3546 Gell.
775 3481 867 3546 Lact.
893 3475 933 3542 M.
946 3478 987 3544 V.
1001 3479 1063 3544 348
1090 3478 1202 3545 laetare
1222 3478 1292 3545 Liv.
1353 3471 1356 3476 ’

127 3579 274 3643 Andron.
301 3575 342 3644 M.
354 3579 412 3644 ΠΙ.
426 3579 498 3648 230,
528 3579 841 3648 VHI.589.X.710
867 3581 983 3643 manare
1010 3579 1047 3661 (i.
1071 3599 1098 3646 e.
1126 3597 1226 3664 agere
1248 3598 1293 3644 sc.

127 3675 287 3762 pecudes)
313 3677 453 3746 Ausone
482 3679 640 3746 translato
671 3699 769 3747 sensu
801 3680 969 3763 formaque
992 3679 1149 3762 patientis
1175 3677 1295 3762 legitur

129 3777 322 3844 Mandane:
346 3779 569 3846 exhalationes
593 3780 634 3843 ad
662 3781 831 3863 superiora
852 3780 1021 3851 minantur.
1049 3780 1091 3847 M.
1100 3777 1158 3842 XI.
1166 3777 1227 3843 754
1246 3798 1292 3840 ae·

128 3897 238 3941 narare
258 3876 364 3942 Plaut.
388 3877 437 3962 (et
458 3881 589 3961 passive
609 3877 649 3943 M.
664 3879 721 3946 IV.
735 3881 805 3946 263.
826 3882 904 3945 Asa.
917 3879 995 3947 309:
1024 3880 1134 3956 amari,
1155 3876 1291 3956 laudari,

128 3977 306 4060 venerari.)
331 3978 411 4045 DSr.
425 3978 484 4042 131
505 3980 686 4046 adaeaaare
708 4001 733 4045 s.
762 3980 969 4062 (·1iVarro).
1011 3976 1197 4061 Compluria
1218 3995 1292 4060 pro·
1339 3987 1343 3996 '

127 4079 253 4144 misena
273 4081 442 4161 utriusque
465 4080 596 4162 generis
617 4079 710 4143 verbi
731 4081 969 4162 permutatione
987 4079 1126 4147 variavit
1146 4077 1235 4144 velut
1249 4078 1292 4145 Μ.

129 4177 172 4241 ΙΙ.
182 4179 252 4244 164.
274 4179 332 4242 VI.
340 4179 399 4244 431
423 4177 569 4242 altercare
591 4178 667 4243 Ter.
691 4177 772 4242 dixit
791 4184 829 4254 ¹et
850 4181 892 4247 ib.
914 4179 956 4246 H.
969 4180 1011 4244 90
1032 4179 1178 4244 altercari
1196 4178 1291 4245 Caes.

129 4277 333 4345 montinac
347 4279 506 4362 aasmbare
519 4275 850 4344 Plaut.eerl.xl.780
872 4280 1029 4364 asperari
1047 4279 1114 4346 Oia.
1130 4277 1291 4364 (auspicu-

129 4385 182 4443 tus
216 4379 346 4461 passive
381 4378 497 4442 Cicero
531 4398 598 4443 non
624 4397 703 4442 raro
736 4379 896 4461 usurpat.)
922 4375 1032 4445 M.VL
1044 4379 1107 4444 425
1134 4379 1293 4456 alumnare

95 4504 98 4514 ¹
129 4476 459 4560 meap.M.V111.553
481 4477 639 4542 areanae·
658 4497 684 4544 s.
699 4513 745 4555 -‚
757 4476 932 4545 uvales
952 4482 1127 4544 coemeram
1142 4499 1166 4546 s.
1181 4479 1223 4546 11.
1231 4479 1289 4544 121

132 4585 165 4644 et
181 4579 313 4660 saepius
329 4580 505 4642 aaaraar'arr'
514 4580 552 4642 A.
575 4576 761 4645 avulsa
781 4599 923 4662 praesare
938 4601 963 4645 s.
979 4579 1133 4648 vntum
1142 4581 1289 4666 praesare}
