3068 5310
653 447 695 511 93

105 670 197 713 ramos
217 646 365 732 oleaqenos
386 627 527 732 utrimque
548 647 718 731 quatientes.
761 649 848 710 Ullus
870 644 909 712 M.
932 645 971 711 V.
987 643 1062 710 356:
1082 644 1250 729 perieulum

103 748 208 833 quedem
228 747 325 810 ullum
346 757 414 810 ante
434 747 534 810 oeulos
555 747 660 812 derdere
682 747 825 830 compellit
845 747 892 810 ita
915 746 1044 828 saepius
1067 753 1248 828 usurpatur,

103 848 151 910 ubi
182 845 390 930 negationem
425 846 659 928 desideramus,
693 852 728 910 ut
759 847 915 911 incertum
949 846 1024 928 quid
1056 846 1249 928 exprimatur

102 947 332 1032 qualecunque,
360 948 572 1030 quodeunque
606 953 665 1013 est.
715 945 840 1024 Deinde
872 949 973 1011 nullus
1002 966 1071 1008 orum
1097 943 1247 1028 graviore

102 1046 234 1130 negandi
261 1047 293 1110 vi
320 1049 451 1130 saepius
478 1047 597 1131 legitur
628 1067 688 1128 pro
712 1045 818 1125 4444)
844 1054 879 1111 44
907 1047 947 1110 Μ.
972 1047 1043 1111 VII.
1057 1047 1119 1111 4811
1146 1045 1248 1109 nullus

103 1161 192 1238 tomen
224 1146 371 1211 desinebat
399 1148 555 1211 identidem
577 1145 684 1208 uulnus
714 1149 859 1229 sanquine
890 1141 1050 1211 delibutum
1082 1145 1250 1209 obtundere.

103 1247 185 1311 VIII.
198 1247 262 1311 560
280 1269 320 1309 44
341 1247 421 1310 noelli
439 1247 519 1309 scitis
541 1268 598 1332 quo
620 1247 683 1310 loco
698 1247 892 1312 consederitis.
916 1247 956 1311 ib.
972 1245 1033 1311 553
1055 1246 1249 1311 nullicontro

105 1367 153 1408 nos
174 1345 289 1408 adetum
317 1346 455 1410 tulerunt.
477 1346 535 1410 IX.
550 1348 609 1412 651
622 1347 883 1432 ntetlnsrespondit
907 1347 1052 1413 eternitas.
1086 1347 1139 1412 vel
1159 1345 1250 1411 VIII.
1331 1366 1334 1370 ·

103 1447 157 1510 563
183 1467 236 1510 neo
263 1446 358 1508 ullum
381 1467 507 1530 usquam
526 1449 727 1511 miserrimum
747 1468 842 1509 senem
863 1467 1034 1530 comparere
1054 1448 1148 1513 ellum.
1191 1447 1251 1512 Est

103 1546 158 1608 hoo
172 1545 329 1628 loquendi
344 1566 447 1628 genus
462 1552 619 1610 remotum
634 1567 674 1609 ex
689 1547 775 1610 omni
789 1548 939 1630 graviore
961 1548 1118 1614 oratione.
1142 1545 1249 1624 Quare

104 1665 199 1727 neque
224 1644 340 1710 Cicero
363 1647 395 1709 in
416 1647 549 1730 reliquis
571 1651 703 1728 praeter
726 1647 885 1730 epistolas
908 1647 1038 1730 seriptis
1061 1667 1163 1730 neque
1187 1644 1250 1728 alii,

104 1767 230 1830 quorum
252 1747 339 1809 oulta
360 1747 459 1811 diotio
483 1752 563 1827 erat,
587 1747 763 1830 scriptores
778 1748 825 1811 ita
839 1747 940 1811 locuti
955 1753 1038 1812 sunt.
1053 1746 1250 1829 -Denique

104 1848 294 1930 coniungere
307 1852 392 1910 amat
412 1845 489 1910 noltil
508 1845 677 1931 quidquam,
696 1847 782 1928 quod
798 1845 954 1909 Terentio
971 1846 1250 1911 familiarissimum

107 1953 152 2012 est
172 1946 271 2028 (Heo.
293 1946 448 2012 111340.
470 1947 599 2011 Phorm.
622 1944 664 2010 II.
680 1946 764 2010 120.
793 1943 1050 2030 arianista.)
1073 1946 1113 2010 ef.
1136 1941 1176 2010 M.
1191 1943 1248 2008 IV.

104 2047 167 2113 251.
197 2047 275 2114 VII.
297 2047 367 2112 444.
389 2048 459 2113 496.
493 2047 579 2111 Flos.
602 2045 659 2111 IV.
677 2044 725 2110 85.
752 2046 777 2112 I.
793 2046 847 2110 29:
884 2045 959 2109 ne'ltil
988 2045 1160 2130 quidquam,
1179 2044 1251 2107 sinit

104 2148 274 2232 neqliqenter
293 2147 433 2229 itemque
449 2144 489 2214 M.
505 2146 562 2210 IV.
579 2147 641 2212 284
655 2168 738 2210 4444
754 2147 908 2232 quisquam
920 2147 1011 2229 feeerit
1026 2166 1127 2208 ausus.
1156 2141 1246 2230 (Ter.

104 2246 178 2312 Heu.
199 2248 225 2313 Ι.
245 2247 342 2326 atu.)

181 2346 272 2424 Quae
289 2352 460 2430 postquam
475 2346 516 2409 44
532 2346 774 2428 pronominibus
788 2346 820 2409 in
836 2351 1024 2411 transcursu
1040 2346 1141 2430 magis
1158 2367 1251 2429 quam

106 2447 198 2513 lusius
222 2448 438 2530 exposuimus,
450 2446 579 2510 tandem
596 2447 637 2509 44
657 2448 830 2527 particulas
852 2466 1032 2530 pergamus
1053 2467 1170 2530 parvas
1186 2446 1252 2530 qui-

106 2548 171 2612 dem
192 2548 396 2630 minutasque
412 2546 554 2625 voculas,
571 2547 631 2612 sed
653 2548 694 2610 ad
717 2553 858 2611 veterum
881 2547 1003 2629 scripta
1028 2547 1156 2629 penitus
1179 2566 1252 2610 nos-

106 2648 202 2711 44444
225 2654 259 2711 44
281 2647 321 2710 44
345 2647 513 2712 seientiam
540 2647 675 2730 linguae
698 2646 818 2711 latinae
846 2647 878 2711 in
905 2649 1015 2731 primis
1038 2645 1251 2713 necessarias.

105 2749 202 2829 Atque
226 2754 262 2810 ut
289 2747 428 2829 aliquem
451 2753 540 2810 certe
564 2744 710 2810 ordinem
732 2747 764 2810 in
792 2748 985 2813 disserendo
1008 2768 1187 2830 sequamur,
1211 2747 1253 2810 ad

106 2866 141 2909 ea
159 2847 292 2929 primum
313 2853 538 2910 convertamur
553 2847 716 2930 adverbia,
732 2866 813 2929 quae
830 2867 849 2910 a
863 2847 1104 2930 pronominibus
1127 2847 1253 2912 deflexa

106 2955 172 3011 sunt
193 2948 247 3012 vel
276 2947 383 3029 aliquo
406 2946 502 3011 modo
526 2946 567 3010 44
587 2967 627 3010 44
653 2947 889 3030 441414444-
915 2943 1090 3012 Rarissime
1113 2949 1253 3012 iunctum

105 3046 276 3112 invenimus
299 3047 430 3132 alequam
457 3047 576 3127 ansellus,
602 3055 736 3129 praeter
763 3044 934 3128 Apuleium
958 3047 1099 3114 aGellio
1122 3051 1180 3114 III.
1204 3050 1252 3115 16.

106 3149 148 3222 17,
168 3148 228 3212 sed
248 3146 409 3212 Varronis
432 3149 533 3212 verba
550 3146 713 3210 referente
738 3153 771 3211 44
793 3145 984 3211 Tertullimo
1006 3146 1117 3234 (Apol.
1138 3150 1178 3214 12
1199 3150 1253 3214 ali·

106 3268 192 3330 quarn
220 3246 380 3331 pluribus)
408 3251 596 3329 usurpatum
624 3245 664 3311 of.
693 3246 733 3311 M.
755 3245 813 3309 XI.
836 3247 906 3313 809.
927 3246 1015 3314 Flor.
1037 3249 1095 3314 III.
1119 3251 1168 3315 61.
1191 3251 1253 3332 Ap.

106 3348 167 3413 388.
179 3346 251 3413 545.
268 3347 339 3412 596.
354 3344 407 3428 (M.
423 3348 448 3413 I.
462 3348 501 3412 74
508 3356 576 3432 post
587 3345 773 3430 aliquantum
785 3347 912 3409 multum
922 3349 1086 3432 toeeeporis.)
1107 3353 1254 3433 Alioquiu

107 3466 141 3510 ea
161 3447 408 3531 significatione,
437 3469 501 3531 qua
535 3469 629 3511 unam
653 3445 793 3531 aliquam
815 3453 940 3529 partem
963 3449 1100 3531 opponit
1120 3450 1253 3515 441441-

106 3567 213 3614 versae
238 3566 383 3631 quaeque
406 3553 520 3613 nostro
537 3548 700 3631 44454444
728 3547 846 3630 optime
870 3547 1005 3610 vertitur
1030 3544 1126 3632 (Plin.
1148 3546 1255 3626 Quian

107 3647 204 3731 Tae),
228 3648 315 3711 nulla
331 3648 394 3712 alia
411 3649 450 3713 de
473 3668 590 3713 caussa
607 3647 782 3711 notandum
805 3650 864 3727 est,
884 3667 976 3730 quam
998 3649 1085 3730 quod
1099 3648 1255 3730 Apuleius

108 3767 141 3812 eo
164 3750 347 3814 delectatus
374 3749 470 3831 inque
499 3750 561 3813 hoe
585 3748 653 3812 eius
684 3768 742 3811 usu
767 3747 921 3829 plurimus
944 3752 1004 3827 est,
1037 3747 1091 3830 ita,
1124 3752 1159 3809 nt
1185 3747 1254 3811 lere

107 3867 229 3931 semper
243 3849 405 3914 adieetivo
422 3847 767 3915 adiectivumalterum
782 3847 924 3912 44414414
935 3849 1135 3930 propinquae
1142 3848 1256 3932 iungat

108 3968 171 4012 eum
195 3949 322 4033 copula,
349 3949 438 4013 velut
464 3950 506 4015 M.
533 3951 558 4013 I.
583 3949 631 4012 16.
653 3947 703 4012 44.
726 3947 775 4012 55.
803 3948 853 4012 57.
875 3947 915 4012 56
938 3950 1039 4032 putris
1064 3947 1197 4032 alioquin
1229 3958 1255 4010 et

107 4059 182 4112 notus
202 4051 295 4132 funes.
317 4048 359 4113 II.
376 4039 426 4112 991
443 4048 511 4113 105.
534 4049 594 4112 128
615 4051 728 4134 inquies
743 4049 875 4132 alioquin
897 4058 923 4110 et
941 4047 1085 4132 petulans.
1108 4046 1167 4110 III.
1184 4048 1253 4113 180.

107 4147 157 4215 IV.
177 4150 247 4215 236.
270 4147 340 4213 257.
365 4147 421 4213 VI.
443 4149 514 4213 408.
536 4149 609 4215 VII.
631 4150 703 4215 477.
725 4148 815 4234 VIII.
839 4147 909 4213 528.
932 4145 990 4212 ΙΧ.
1013 4146 1083 4212 620.
1106 4146 1253 4212 675111.

108 4248 181 4314 797.Ι
194 4249 282 4314 Flor.
309 4248 368 4313 III.
401 4247 440 4312 88
454 4260 604 4312 uersutus
631 4249 763 4336 alioquin
790 4261 817 4312 et
844 4250 1011 4334 inqeniatus
1037 4246 1078 4308 od
1103 4248 1253 4310 astutiam.

107 4345 219 4414 Rarius
240 4350 272 4413 ia
295 4348 439 4430 alioquin
460 4349 566 4413 locum
581 4350 741 4414 suecessit
762 4351 851 4428 alias,
881 4348 967 4431 quod
996 4348 1164 4429 ceteroqui
1191 4344 1255 4409 loei

108 4455 224 4512 tantum
246 4449 297 4513 vel
319 4449 474 4530 temporis
497 4449 621 4512 indicat
641 4447 795 4512 rationes.
826 4447 867 4510 Μ.
895 4447 985 4512 VIII.
1018 4445 1184 4512 58914414
1207 4449 1255 4511 oir

170 4646 199 4716 I)
217 4645 259 4703 De
277 4661 331 4724 quo
349 4661 401 4700 usu
422 4645 511 4702 fusius
530 4645 683 4720 dIsputavit
700 4645 804 4720 Haupt.
823 4645 933 4701 observ.
952 4646 1006 4702 crit
1022 4661 1048 4726 p.
1066 4645 1090 4708 3.
