3128 5300
811 379 836 448 4

251 583 466 651 admiratione
490 579 617 662 imbuti,
647 599 757 646 eorum
778 585 858 662 tum,
880 582 934 664 qui
957 579 1061 646 altero
1082 602 1115 664 p.
1139 581 1199 646 Ch.
1220 603 1253 648 n.
1279 584 1422 650 saeculo

251 685 525 769 scriptitaverunt,
557 680 748 762 gravitatem
776 685 810 743 et
842 679 1029 747 virilitatem
1052 689 1085 748 et
1107 687 1272 765 tamquam
1295 684 1421 748 sancti·

247 793 332 852 atem
384 779 590 866 exaggeratis
623 779 771 844 laudibus
804 779 984 846 efferebant
1009 789 1229 866 quantumque
1257 789 1424 866 poterant

252 886 411 956 suscitare
433 902 473 946 ac
483 897 640 942 revocare
656 881 871 944 conabantur:
895 882 936 945 ad
951 882 1038 946 illam
1054 883 1148 966 quasi
1165 883 1423 967 confugiebant,

256 983 386 1072 quando
410 982 443 1044 in
460 976 567 1044 omnia
582 976 769 1044 deliciarum
783 980 862 1044 vitia
877 982 1079 1048 defluxerant
1092 983 1208 1066 lingua
1218 982 1423 1066 literaeque.

253 1090 306 1154 Ita
335 1083 439 1166 prima
471 1077 582 1162 specie
614 1078 741 1161 quidem
773 1100 852 1164 prae
880 1082 1052 1148 immodica
1078 1083 1315 1166 praecedentis
1343 1085 1426 1148 aevi

254 1183 382 1253 luxuria
413 1178 519 1247 oratio
553 1178 654 1262 magis
687 1179 815 1244 videtur
839 1182 988 1248 modesta
1017 1205 1056 1248 ac
1079 1185 1206 1250 sobria:
1241 1183 1301 1246 sed
1324 1183 1424 1250 nullo

255 1285 353 1352 modo
377 1302 417 1346 ea
432 1286 483 1346 est
503 1279 742 1362 praestabilior.
785 1279 869 1344 Nam
890 1281 952 1346 hoc
975 1284 1089 1368 ipsum,
1127 1285 1216 1368 quod
1247 1285 1425 1368 antiquam

123 1417 135 1440 α
253 1383 492 1466 simplicitatem
515 1381 807 1456 consectabantur,
844 1381 1009 1448 affectatio
1038 1391 1109 1448 erat
1132 1390 1166 1448 et
1186 1385 1311 1448 nimiae
1335 1385 1424 1448 artis

251 1491 286 1552 et
319 1481 393 1546 vani
417 1479 549 1546 laboris.
606 1480 732 1562 Verba,
760 1481 959 1562 locutiones,
988 1488 1122 1567 totaque
1148 1485 1282 1548 dicendi
1311 1485 1426 1548 forma

256 1602 355 1651 casca
375 1580 557 1646 velamento
586 1587 679 1646 erant
706 1581 816 1665 ingeni
843 1582 1002 1646 ieiunitati
1024 1602 1063 1646 ac
1087 1582 1228 1648 siccitati
1244 1585 1425 1668 eiusmodi,

258 1684 385 1770 qualem
400 1680 578 1746 Frontonis
605 1701 684 1764 prae
707 1701 743 1747 se
765 1683 873 1748 lerunt
893 1683 986 1764 libri;
1008 1703 1069 1748 neo
1085 1689 1194 1750 tamen
1216 1685 1347 1768 egentis
1372 1689 1424 1752 in·

258 1780 342 1850 dolis
369 1780 536 1866 penuriam
565 1782 766 1846 resarcinare
801 1784 908 1866 potuit
939 1783 1107 1849 laboriosa
1137 1785 1288 1849 eruditio.
1349 1785 1426 1852 Sed

257 1888 472 1958 Frontonem,
504 1878 753 1946 declamatorem
775 1883 918 1968 ineptum
940 1888 1036 1968 atque
1059 1905 1228 1968 enervem,
1262 1887 1425 1970 ingentes
1541 1903 1542 1909 ’

257 2006 372 2054 vocum
400 1983 513 2048 turbas
539 1980 651 2045 intima
683 1981 833 2048 doctrina
860 1985 1112 2067 conquisitarum
1139 1988 1314 2070 subtilique
1344 1995 1424 2054 arte

259 2088 479 2157 ordinatarum
502 2080 689 2146 fundentem
706 2081 810 2166 iisque
839 2103 970 2150 sensum
986 2085 1110 2150 futilem
1134 2086 1351 2170 frigidumque
1372 2091 1424 2153 in·

260 2189 444 2257 eludentem
465 2182 564 2250 multo
581 2186 615 2246 et
642 2181 779 2248 Gellium
802 2189 836 2249 et
863 2183 1035 2266 Apuleium
1062 2206 1238 2268 superasse
1268 2195 1423 2256 constat:

261 2309 396 2377 quorum
418 2283 503 2351 alter
529 2283 633 2366 magis
661 2283 805 2367 expolito
838 2285 958 2350 iudicio
986 2291 1020 2350 et
1040 2286 1162 2350 maiore
1185 2289 1421 2354 moderatione

259 2411 337 2460 usus
365 2393 416 2455 est
436 2386 471 2450 in
491 2383 600 2450 verbis
612 2384 794 2468 deligendis
809 2391 904 2469 atque
923 2385 1094 2469 ponendis
1118 2386 1202 2452 alter
1217 2393 1343 2452 tantum
1360 2389 1422 2452 ab·

260 2492 322 2559 fuit
343 2494 379 2555 ut
400 2485 462 2554 sibi
483 2489 686 2569 temperaret,
721 2490 756 2550 ut
776 2487 885 2569 potius
906 2486 1048 2553 inmissis
1068 2487 1172 2552 libere
1198 2489 1335 2554 habenis
1357 2509 1425 2571 per

263 2612 389 2664 omnem
409 2586 611 2654 licentiarum
634 2606 778 2669 campum
806 2588 972 2654 exsultans
999 2594 1182 2672 vagaretur,
1219 2589 1423 2672 linguaeque
1541 2593 1542 2598 ’

260 2695 398 2766 Latinae
425 2689 519 2756 nobis
547 2687 715 2754 exhiberet
742 2689 885 2770 speciem
906 2689 1017 2754 mirum
1039 2693 1192 2772 quantum
1214 2689 1255 2752 ab
1278 2688 1424 2752 omnium

259 2798 403 2884 priorum
426 2790 619 2876 scriptorum
640 2809 699 2855 usu
721 2787 889 2874 formaque
911 2789 1135 2856 abalienatam.

344 2892 467 2972 Quibus
496 2891 537 2957 de
566 2891 718 2956 universo
743 2889 907 2956 literarum
936 2895 1022 2956 statu
1051 2890 1255 2974 praemissis,
1287 2889 1351 2952 iam
1377 2888 1422 2952 de

260 3003 333 3067 tota
349 2992 480 3061 dicendi
500 2993 627 3058 ratione
650 2995 684 3056 et
705 2989 746 3054 de
758 2991 900 3076 ¹ingenio
927 2990 996 3056 aius
1015 2991 1234 3074 quaerendum
1256 2993 1316 3052 est.
1361 2989 1422 3060 At·

262 3119 324 3184 que
344 3097 385 3162 de
407 3093 470 3160 hoc
493 3093 621 3178 quidem
643 3111 755 3158 omnes
777 3093 978 3160 cosentiunt:
1000 3091 1116 3174 procul
1138 3089 1235 3155 dubio
1254 3089 1339 3154 enim
1354 3109 1421 3154 orn-

262 3221 322 3268 nes
345 3195 499 3282 aequales
520 3193 717 3260 laetissimae
741 3192 861 3259 indolis
884 3193 1061 3258 abundanti
1075 3194 1235 3267 ubertate,
1256 3196 1291 3253 ut
1313 3189 1422 3254 omitt-

263 3321 352 3368 amus
392 3298 558 3381 ingentem
600 3293 872 3378 multiplicemque
916 3293 1110 3376 doctrinam,
1172 3289 1422 3375 splendidisque

264 3399 474 3470 facultatibus
492 3398 592 3482 longe
612 3395 787 3480 superavit.
839 3396 924 3461 Prae
948 3394 1067 3458 ceteris
1091 3398 1197 3458 autem
1219 3391 1305 3455 inter
1326 3409 1421 3472 prae·

173 3537 176 3543 ·
266 3503 403 3572 stantius
426 3501 495 3569 eius
518 3498 634 3566 efferre
658 3497 765 3563 solent
785 3497 872 3562 illam
894 3495 990 3560 animi
1009 3494 1231 3560 incitationem
1246 3491 1423 3554 fervorem·

288 3625 329 3671 ue
352 3601 544 3671 naturaliter
564 3600 693 3683 innata,
716 3619 816 3683 quae,
840 3599 867 3664 si
890 3617 984 3683 quam
1005 3595 1125 3661 indolis
1147 3599 1286 3677 partem,
1308 3590 1423 3654 rectis·

267 3708 346 3776 sime
368 3709 503 3772 naturae
517 3701 672 3786 regionis,
696 3721 758 3784 qua
771 3699 832 3764 fuit
853 3699 1017 3779 oriundus,
1040 3692 1270 3779 assignaveris.
1299 3690 1425 3754 Verum

266 3814 399 3896 praeter
428 3804 513 3870 hunc
545 3802 686 3870 calorem
719 3800 856 3867 hominis
887 3817 963 3863 vere
996 3797 1067 3862 Afri
1104 3816 1142 3860 ac
1174 3790 1425 3858 fervidissimam

266 3906 604 3997 promptissimamque
632 3900 828 3986 imaginandi
854 3898 933 3975 vim,
966 3916 1047 3983 quae
1076 3896 1206 3962 dicendi
1228 3911 1349 3978 genere
1368 3911 1423 3956 ve·
1539 3871 1540 3928 ³

267 4018 345 4100 geto
380 4005 651 4086 viridissimisque
687 4002 850 4068 colonibus
883 3998 1037 4064 distincto
1073 3996 1200 4080 patefit:
1232 4012 1274 4057 ne
1301 3991 1423 4058 iudicio
1539 3999 1540 4010 ¹

269 4113 397 4200 quidam
420 4106 532 4177 corruit.
584 4104 658 4170 Iure
688 4104 835 4187 equidem
856 4099 1051 4166 Ruhnkenio
1075 4091 1318 4163 concedendum
1341 4093 1423 4158 arbi-

266 4223 354 4301 tror,
392 4205 473 4280 eum'
498 4212 539 4278 de
572 4203 732 4272 industria
765 4205 987 4289 cogitateque,
1016 4221 1110 4285 quum
1141 4201 1232 4262 recte
1261 4194 1426 4286 scribendi

270 4315 442 4386 consilium
464 4314 506 4379 ad
527 4307 697 4378 Ciceronis
722 4312 755 4372 et
775 4313 810 4371 ut
833 4304 967 4390 quisque
991 4302 1022 4366 ei
1044 4293 1221 4368 simillimus
1254 4301 1319 4374 est,
1351 4315 1425 4360 nor·

269 4441 352 4488 mam
374 4416 516 4500 dirigere
541 4409 717 4487 debuisset,
738 4428 805 4473 non
828 4405 956 4491 quidem
977 4404 1116 4489 optimos
1137 4397 1212 4464 illos
1229 4395 1423 4476 deseruisse,

270 4523 329 4591 sed
361 4526 470 4587 tamen
503 4535 573 4581 cum
601 4531 713 4580 eorum
737 4506 917 4572 imitatione
947 4506 1127 4589 scriptores
1150 4521 1192 4568 ex
1212 4498 1323 4563 ultima
1345 4497 1424 4562 anti·

269 4623 390 4711 quitata
417 4616 578 4704 repetitos
606 4609 828 4687 coniunxisse,
854 4606 939 4682 unde
966 4604 1068 4682 verba
1097 4601 1254 4678 obsoleta
1273 4595 1423 4676 eradca-
