3068 5310
817 404 877 468 100

271 604 356 666 libus
393 605 566 686 apponitur
601 604 641 668 ad
677 603 933 685 amplificandam
971 623 1080 668 eorum
1118 605 1180 666 vim
1225 604 1427 685 animumque

275 702 381 766 acrius
399 703 441 766 ad
464 723 503 766 ea
526 704 775 767 convertendum
798 703 858 784 Ap.
874 703 934 765 429
945 725 995 785 eqo
1017 703 1098 767 adea.
1121 702 1431 768 DSr.145adeoln'e

274 805 313 864 sit
335 810 367 865 61
393 803 555 866 adverbiis
584 803 648 865 loci
676 802 894 883 temporisque
921 801 1007 866 1161.
1031 804 1083 868 lV.
1107 803 1145 866 87
1168 801 1287 886 Semper
1306 802 1381 864 adea
1402 813 1433 864 et

274 901 380 985 ulique
401 899 462 984 (sic
491 902 575 983 apud
596 901 678 966 Geli.
704 901 745 966 Π.
769 901 818 966 23.
840 902 981 982 4nuper
1008 903 1099 982 adeo,
1134 923 1185 984 ap.
1208 901 1315 964 Plaut.
1344 921 1432 963 nunc

203 989 205 1001 '
276 1000 384 1078 adeo).
425 1000 588 1065 Peculiari
619 1003 756 1084 denique
783 1002 910 1064 ratione
935 1023 995 1062 nen
1022 1002 1093 1063 adeo
1112 1001 1143 1064 in
1168 1001 1432 1083 oppositionibus

273 1105 457 1182 usurpatum
481 1107 544 1164 est:
567 1101 608 1166 M.
630 1097 667 1166 X.
684 1103 744 1166 dn‘8
765 1121 826 1162 aen
848 1100 919 1163 adeo
941 1100 1135 1162 mentiebatur
1157 1151 1163 1165 .
1187 1149 1194 1162 .
1216 1100 1266 1163 sed
1287 1107 1350 1162 etc.
1370 1099 1430 1163 XI.

276 1199 337 1264 774
362 1199 543 1264 lucernam.
566 1247 573 1262 .
596 1223 656 1263 non
681 1201 753 1263 adeo
784 1199 894 1262 nostris
920 1199 980 1262 illis
1012 1200 1190 1261 consimilem
1221 1199 1271 1261 sed
1303 1218 1432 1260 aureum

275 1299 431 1382 cymbium.
453 1300 512 1365 HI.
534 1301 594 1364 272
617 1322 678 1364 non
702 1300 836 1382 eorporis
857 1299 929 1361 adea
950 1299 1001 1362 sed
1021 1301 1117 1362 animi
1136 1298 1247 1361 robore.
1263 1335 1303 1344 —-
1325 1301 1379 1362 Sic
1396 1299 1432 1360 in

276 1399 509 1462 enunciationis
535 1401 639 1464 altera
665 1405 757 1482 parte
779 1399 984 1481 imponitur,
1010 1405 1044 1462 ut
1066 1399 1262 1462 antecedens
1287 1398 1338 1461 vel
1359 1418 1431 1460 ver·

275 1501 347 1563 bum
377 1500 427 1562 vel
457 1501 649 1563 sententiam
677 1497 929 1580 comprehendat
955 1518 1086 1581 eamque
1115 1499 1315 1580 complexum
1339 1497 1432 1578 quasi

278 1600 381 1662 oculis
401 1598 516 1662 iterum
538 1600 676 1663 subiciat
697 1607 731 1663 et
752 1598 912 1681 designet,
939 1599 1025 1681 quod
1046 1599 1120 1662 inde
1143 1597 1325 1680 proveniat.
1353 1594 1431 1659 Ore·

276 1699 412 1762 1611166
435 1698 482 1761 116
498 1705 574 1780 post
595 1698 766 1782 participia
787 1699 923 1780 perfecti
947 1704 1001 1761 aut
1015 1697 1196 1779 praesentis
1218 1696 1374 1778 temporis
1396 1696 1433 1758 in

278 1797 414 1881 apodosi
442 1799 601 1880 reperitur
622 1800 719 1882 „sic“‚
746 1800 800 1862 ubi
827 1819 887 1864 nos
917 1798 1043 1880 quidem
1065 1798 1128 1879 ipsi
1155 1817 1280 1880 quoque
1309 1797 1432 1860 addere

278 1899 417 1962 solemus
430 1898 474 1978 io:
498 1899 585 1978 quod
599 1907 707 1962 tamen
726 1901 985 1977 additamentum,
1009 1899 1060 1979 qui
1076 1897 1209 1965 electius
1230 1897 1331 1960 locuti
1347 1901 1433 1974 sunt,

276 1998 372 2080 vulgo
400 1999 653 2079 repudiaverunt
681 2000 722 2065 ci.
746 2000 788 2064 M.
811 2000 869 2066 IX.
890 2000 951 2066 653
972 1999 1094 2062 dorsum
1121 1999 1250 2061 insidens
1272 2019 1370 2060 meum
1391 1998 1436 2059 sic

243 2107 244 2116 ’
276 2097 394 2160 lartum
416 2097 513 2160 redire
539 2110 704 2164 consuerat.
735 2101 875 2168 171416
900 2099 1018 2163 Claroa
1039 2101 1180 2183 protinus
1206 2108 1341 2181 repetens
1359 2115 1434 2180 por·

277 2199 390 2259 lorium
411 2242 419 2258 .
445 2246 452 2260 .
472 2197 515 2258 sic
535 2198 577 2260 ael
597 2199 697 2282 ripam
711 2199 792 2261 ducit
805 2211 1004 2263 commeantes.
1028 2235 1066 2242 -
1085 2199 1157 2263 Vll.
1174 2197 1233 2261 173
1250 2194 1434 2279 Cempltcilis

278 2297 399 2380 denique
420 2296 546 2381 pedidus
570 2343 574 2356 .
598 2346 605 2361 .
627 2298 670 2360 sic
696 2299 853 2376 qralatum
885 2300 984 2361 enaim
1007 2298 1137 2360 insidens
1167 2296 1293 2359 ubertim
1317 2295 1434 2379 flebam.

277 2395 351 2461 VII.
372 2396 431 2460 481
455 2396 602 2480 lapidibus
623 2397 732 2460 additis
753 2398 875 2480 insuper
901 2397 944 2459 sie
971 2399 1154 2482 iniquitatem
1173 2397 1317 2481 ponderis
1338 2395 1432 2456 mede-

278 2495 375 2558 batur.
402 2495 444 2561 X.
460 2497 520 2560 629
543 2497 654 2560 demota
676 2497 849 2575 conlatione,
872 2497 915 2558 sic
935 2497 975 2559 ad
989 2518 1076 2560 aures
1098 2498 1234 2560 dominae
1254 2494 1434 2558 mandalum

272 2598 395 2680 perfert.
418 2595 534 2674 (Simili
556 2597 681 2660 ratione
705 2595 864 2679 apodasin
885 2596 1006 2678 exeipit
1019 2597 1178 2678 particula
1200 2603 1273 2678 tum,
1296 2603 1331 2658 ut
1346 2595 1435 2677 apud

278 2697 424 2761 Graecos
439 2695 513 2778 τότε,
528 2694 701 2760 uixere
715 2694 858 2780 quosdam
880 2696 1087 2759 commilitones
1107 2705 1236 2758 nanctus
1257 2706 1318 2758 tum
1334 2693 1434 2757 clades

278 2807 403 2860 enarrat
424 2800 518 2871 suas.)
539 2795 652 2878 Neque
667 2800 744 2878 post
763 2794 933 2878 participia
952 2800 1083 2876 tantum,
1108 2797 1165 2861 sed
1180 2796 1273 2860 aliter
1288 2793 1385 2858 etiam
1399 2792 1434 2856 in

279 2897 560 2962 consecutionibus
575 2893 1145 2977 1661666111661,,616“6111111182.
1167 2896 1218 2959 Sic
1230 2895 1309 2958 salvi
1321 2895 1433 2957 recede-

278 3018 353 3079 mus,
367 2997 521 3060 risulcum
536 2998 569 3060 in
580 2997 665 3061 domo
679 2998 822 3063 neminem
834 2994 1048 3080 reliquerimus.
1063 2997 1105 3058 ib.
1118 2997 1178 3061 213
1199 2997 1248 3058 Fit
1262 2995 1335 3058 bulo
1346 2997 1432 3060 Pam·

279 3095 367 3179 pluite.
389 3096 440 3158 Sic
450 3095 526 3158 edito
538 3096 667 3159 stridore
681 3095 802 3180 querula
814 3100 875 3159 etc.
888 3093 943 3178 (ib.
957 3095 1018 3158 212
1035 3095 1068 3157 16
1081 3115 1171 3158 avem
1185 3116 1258 3160 6666
1277 3096 1431 3177 plumatu-

280 3217 347 3260 ram
369 3202 403 3260 et
426 3197 466 3258 ad
489 3216 577 3260 suum
599 3195 737 3278 cupitum
758 3194 804 3258 616
826 3193 1028 3278 velaturam.)
1074 3195 1197 3259 Eadem
1223 3196 1347 3259 ratione
1370 3195 1433 3259 scd

281 3296 436 3361 audacius
462 3295 580 3359 dictum
603 3300 653 3359 661
674 3295 714 3358 M.
728 3295 785 3360 IV.
801 3296 871 3360 310.
914 3293 1025 3380 Psyelte
1045 3295 1130 3378 uirqo
1157 3296 1250 3359 uidua
1278 3295 1359 3358 domi
1384 3315 1430 3357 re-

281 3397 379 3458 sidens
402 3395 483 3480 deflet
504 3395 649 3458 desertam
672 3415 760 3458 suum
780 3395 967 3459 solitudinem
988 3445 996 3461 .
1019 3446 1027 3461 .
1049 3395 1100 3460 Sic
1121 3444 1128 3459 .
1151 3445 1158 3458 .
1176 3407 1266 3480 puter
1286 3393 1430 3457 deiMile·

279 3496 319 3557 sii
339 3496 567 3559 vetustissimum
586 3503 780 3576 percontatur
801 3494 957 3558 oraculum
979 3544 986 3560 .
1008 3547 1016 3563 .
1039 3508 1067 3560 et
1078 3499 1191 3582 airqitti
1202 3497 1272 3580 petet
1290 3495 1425 3577 nuptas:

278 3596 341 3658 hoc
364 3595 447 3658 caim
468 3595 542 3658 loco
556 3599 650 3657 est:
672 3614 754 3675 quae
767 3614 860 3675 quum
872 3594 918 3658 ita
929 3603 1050 3671 666661,
1072 3597 1158 3676 ideo,
1181 3595 1275 3661 eade
1298 3613 1428 3656 caussa:

280 3715 469 3777 quamquam
500 3695 661 3757 diversum
683 3700 734 3758 661
756 3715 775 3757 6
796 3694 945 3758 Ρ1661166
973 3696 1029 3760 1116
1052 3697 1138 3779 ,,616“
1161 3699 1255 3761 Μο61.
1275 3695 1361 3759 112.
1378 3695 1427 3758 20.

279 3794 405 3858 Deinde
417 3793 450 3856 in
467 3794 696 3858 stomachantis
711 3793 856 3876 graviter
870 3799 902 3857 et
918 3797 1144 3877 conquerentis
1161 3795 1427 3877 interrogatione,

278 3903 313 3957 61
333 3892 374 3958 Μ.
391 3893 448 3957 Vl.
468 3893 527 3956 397
552 3889 603 3974 (66
624 3912 684 3975 per
705 3895 841 3957 eandem
868 3894 1009 3976 speciem
1034 3897 1123 3958 sicine
1144 3896 1184 3962 M.
1205 3897 1262 3960 ΙΙΙ.
1284 3896 1353 3959 217.
1368 3895 1425 3960 ΙΧ,

279 3992 352 4074 600)
374 4012 439 4055 666
462 3992 545 4055 adeo
567 3992 711 4057 insolens
736 4001 797 4059 est.
819 3994 965 4076 Denique
986 4016 1025 4059 ea
1046 3997 1188 4078 notione,
1212 4015 1304 4078 quam
1320 3994 1426 4077 expla-

278 4091 424 4155 navimus
444 4091 586 4174 primam,
611 4093 872 4176 frequentissime
893 4095 1061 4177 reperitur,
1083 4117 1148 4160 non
1171 4095 1299 4177 quidem
1312 4115 1426 4177 perpe·

278 4209 353 4272 ram,
377 4193 436 4254 sed
458 4211 529 4254 cum
549 4191 662 4255 licenti
683 4193 932 4275 neglegentique
961 4194 1098 4276 quadam
1128 4194 1262 4259 audacia
1288 4195 1426 4278 positum

278 4291 381 4369 (velut
409 4311 460 4372 ap.
481 4291 613 4357 Patron.
632 4291 688 4358 58:
717 4294 805 4374 quod
831 4313 879 4356 me
903 4293 950 4358 sic
972 4291 1093 4376 vides):
1127 4295 1215 4360 euius
1243 4293 1434 4358 creberrimi

280 4398 377 4472 atque
411 4391 580 4455 admodum
606 4391 687 4455 varii
714 4412 790 4456 usus
818 4393 923 4475 pluria
945 4393 1092 4476 exempla
1121 4395 1339 4459 transcribere
1361 4415 1426 4458 non

278 4510 399 4572 operae
423 4501 473 4554 est
491 4492 630 4573 pretium
652 4491 693 4556 cf.
715 4491 756 4557 M.
778 4492 836 4558 ΠΙ.
857 4494 926 4557 214.
949 4494 1018 4558 216.
1033 4494 1074 4560 V.
1095 4494 1165 4566 345.
1187 4495 1257 4563 363.
1278 4493 1424 4565 333111.

277 4590 348 4660 250.
365 4592 434 4662 Vll.
449 4591 520 4659 405.
538 4591 621 4661 vm.
638 4590 709 4664 542.
724 4590 782 4661 IX.
796 4589 867 4662 592.
882 4592 1025 4665 111446.
