3068 5310
812 344 872 410 116

267 549 345 615 sime
366 566 430 612 una
451 566 521 611 cum
543 543 721 626 adiectivis,
738 563 821 628 quae
844 545 940 610 animi
961 548 1194 630 cogitationem
1216 553 1258 616 ad
1281 553 1422 636 aliquem

265 667 332 713 rem
353 647 490 712 relatam
511 652 546 710 et
560 645 729 727 actionem,
744 644 779 708 in
794 665 857 727 qua
871 645 942 727 quis
956 655 1115 732 versatur,
1130 651 1315 734 signifith
1337 655 1426 718 velut

266 745 310 812 M.
332 746 374 812 X.
389 747 449 812 728
471 746 553 810 arcu
573 745 699 809 sulutem
712 745 864 810 sollicitas.
887 747 948 828 Ap.
970 747 1032 813 546
1055 751 1132 834 fucit
1155 753 1259 816 omaro
1275 753 1360 816 cr'rea
1372 753 1422 817 luo-

265 868 368 910 burem
389 868 486 912 meum
507 845 703 922 observanter,
722 845 805 908 arcu
817 844 944 908 sulutem
957 848 1087 930 sollr'rite,
1109 852 1191 915 rr'rcu
1212 873 1347 916 umorem
1362 852 1423 916 cat·

265 947 337 1018 bile:
361 967 430 1010 cum
453 945 664 1012 substantivis
687 944 890 1012 coniunctum
913 953 963 1010 est
982 944 1024 1014 M.
1046 949 1103 1014 Vl.
1125 950 1188 1016 396
1209 951 1326 1016 laborer
1340 952 1423 1016 cereo

267 1057 336 1110 ruas
357 1046 569 1131 inpedituros.
591 1047 653 1130 Ap.
674 1044 736 1112 596
749 1044 912 1109 liberalitas
933 1047 1014 1110 curce
1035 1070 1088 1112 me.
1110 1050 1153 1116 ib.
1170 1050 1234 1114 594
1260 1053 1424 1135 mirantur,

267 1145 438 1228 Aemr‘lrbue,
461 1156 523 1209 tam
533 1147 716 1231 reperttrburn
731 1148 814 1211 eirea
822 1166 953 1232 puerum
968 1149 1060 1210 ustum
1069 1149 1211 1232 pictatem
1230 1162 1328 1216 tuam.
1361 1152 1424 1216 De·

268 1247 363 1328 nique
385 1245 563 1311 subiciatur
583 1246 634 1310 hic
655 1245 842 1311 adverbium
862 1247 1060 1311 circumcirca
1080 1249 1122 1314 M.
1143 1249 1201 1316 Xl.
1222 1251 1292 1316 758.
1315 1252 1423 1319 Plaut.

269 1346 337 1412 Cic.
360 1346 434 1412 fam.
448 1346 479 1408 4.
490 1345 520 1410 5.
535 1348 569 1413 8:
594 1346 681 1429 quod
696 1367 756 1410 usu
770 1344 860 1428 vulgi
872 1345 1001 1410 videtur
1017 1349 1182 1431 proditum
1197 1351 1311 1418 fuisse.
1343 1351 1426 1416 Nem

267 1449 301 1511 id
328 1447 391 1512 iem
418 1466 459 1510 ex
486 1445 573 1510 illius
600 1454 845 1529 praeterpropter
879 1445 1085 1512 similitudine
1109 1449 1309 1534 collegerim,
1339 1452 1426 1534 quod

270 1548 370 1612 tradit
391 1545 516 1611 Gellius
537 1545 577 1611 N.
598 1545 638 1611 A.
659 1543 751 1608 XIX.
775 1544 823 1610 10.
845 1546 875 1610 9.
897 1545 1018 1627 „fuisse
1041 1547 1133 1612 nimis
1155 1550 1318 1632 plebeium
1337 1558 1371 1614 et
1392 1551 1423 1614 in

271 1648 418 1731 opiticum
433 1645 633 1710 sermonibus
648 1693 656 1711 .
672 1692 679 1709 .
694 1641 834 1712 uotius“.
875 1649 962 1728 Erga
977 1647 1107 1712 deloco
1123 1668 1162 1712 ac
1176 1650 1323 1732 regione,
1341 1670 1424 1734 quae

270 1757 321 1814 est
342 1770 456 1814 versus
478 1747 615 1830 aliquam
636 1766 713 1827 rem,
748 1745 867 1809 dictum
892 1754 944 1810 est
965 1747 1045 1812 DPl.
1067 1748 1095 1812 Ι.
1116 1749 1178 1814 208
1210 1771 1281 1834 erpa
1311 1753 1426 1834 repetem

270 1851 376 1934 cupitis
394 1850 570 1913 constituta:
593 1865 675 1928 quae
697 1845 872 1910 noticiam
894 1845 1026 1929 antiquo
1048 1853 1197 1932 tempore
1219 1850 1348 1915 videtur
1369 1854 1425 1916 ob·
1531 1883 1532 1896 ¹

270 1950 438 2026 solevisse‚
461 1968 565 2033 neque
583 1966 664 2011 unus
685 1944 793 2011 Plauti
814 1945 906 2012 locus
930 1946 1025 2014 True.
1048 1949 1091 2013 ΙΙ.
1104 1950 1134 2014 4.
1149 1950 1189 2015 51
1210 1950 1291 2016 satis
1314 1957 1424 2016 certus

270 2057 329 2116 est.
356 2085 397 2096 —-
424 2053 513 2114 Inter
534 2048 577 2114 M.
596 2047 649 2112 VI.
670 2046 747 2112 387:
769 2046 826 2112 iter
842 2048 1001 2132 porripeas
1022 2049 1100 2114 ubter
1127 2051 1258 2115 sabatae
1279 2053 1428 2116 convellis

268 2151 454 2214 sublucidum
475 2151 576 2214 lucum
593 2147 740 2232 prospicit
763 2147 871 2230 sunum
893 2153 955 2213 etc.
985 2149 1117 2233 antiquo
1147 2171 1236 2216 more
1262 2171 1323 2234 pro
1351 2152 1427 2235 „in“

271 2250 494 2333 explicandum
516 2255 574 2326 est,
596 2266 690 2331 quem
716 2252 882 2312 extremae
908 2247 1079 2314 latinitatis
1108 2253 1287 2335 scriptores
1310 2252 1427 2317 imitati

271 2360 346 2416 sunt
365 2349 505 2433 (lustin).
548 2352 679 2430 Insuper
706 2347 749 2411 ad
775 2347 878 2412 instar
904 2349 1156 2430 praepositionis
1182 2373 1202 2416 a
1231 2354 1340 2435 poetis
1355 2373 1429 2417 cum
1532 2407 1533 2426 .

274 2451 428 2530 ablativo,
450 2449 556 2514 rarius
579 2466 650 2512 cum
670 2446 858 2512 accusativo
881 2448 1098 2532 coniungitur,
1134 2456 1170 2515 ut
1201 2453 1244 2516 M.
1257 2443 1321 2518 ΙΧΙ.
1351 2454 1429 2520 788:

270 2555 392 2636 absuper
409 2548 626 2636 fluetaslrbeet
638 2548 786 2613 intritum.
807 2547 898 2613 VIM.
915 2547 976 2613 518
997 2549 1131 2614 iaculum
1152 2599 1159 2614 .
1183 2600 1191 2617 .
1213 2555 1337 2638 iusuper
1357 2552 1429 2616 dor·

270 2673 338 2716 sum
357 2652 464 2716 bruttiae
484 2649 636 2714 contorsit.
669 2645 776 2731 (Ceto.
791 2647 947 2732 'Vitruut
974 2649 1056 2714 Iem
1076 2653 1196 2735 iuxtim,
1221 2652 1309 2736 quod
1330 2653 1430 2736 vulgo

272 2752 404 2817 adverbi
427 2755 537 2833 partes
559 2749 628 2832 agit
652 2748 755 2830 (Flor.
776 2746 802 2813 I.
823 2747 866 2812 30
886 2753 947 2813 ete.
971 2751 1082 2814 iuxtim
1109 2753 1295 2833 considere)
1317 2773 1431 2818 casum

269 2851 370 2916 hebet
388 2848 429 2918 M.
450 2851 493 2914 ΙΙ.
514 2849 571 2913 121
593 2849 704 2912 iuxtim
717 2868 748 2910 se
761 2846 969 2916 utadrideret:
995 2870 1076 2933 quae
1094 2850 1229 2916 lieentia
1251 2852 1324 2935 ipsa
1346 2873 1430 2934 quo·

272 2971 334 3035 que
357 2953 560 3033 antiquorum
573 2950 684 3014 nititur
699 2947 892 3014 auctoritate
905 2945 1062 3032 (Sisenn).
1084 2953 1353 3017 inauditumvero
1376 2959 1433 3018 est

273 3059 368 3136 retro,
393 3051 480 3137 quod
501 3071 571 3116 cum
593 3055 709 3134 quarto
731 3069 810 3116 casu
831 3051 889 3132 (M.
903 3051 960 3119 VI.
981 3051 1044 3116 395
1062 3061 1144 3116 retro
1165 3061 1258 3117 metus
1279 3051 1430 3136 Murtias)

272 3163 404 3238 praeter
425 3153 508 3217 hune
530 3151 635 3217 locum
648 3171 714 3214 non
735 3151 898 3216 invenitur
910 3152 973 3218 uisi
988 3155 1073 3236 apud
1087 3153 1290 3237 posteriores
1305 3157 1431 3218 tentum

271 3255 410 3338 Apuleio
427 3252 616 3335 scriptores.
634 3285 674 3296 -
697 3249 880 3318 Communis
893 3273 964 3318 cum
978 3254 1195 3320 recentiorum
1210 3253 1430 3337 compluribus

274 3354 400 3437 (lustin.
423 3352 524 3419 Solin.
545 3349 633 3436 Dig.)
655 3351 686 3416 ei
707 3351 764 3416 illa
785 3357 837 3418 est
856 3356 945 3418 iuxta
963 3354 1066 3438 notio,
1089 3374 1153 3436 qua
1171 3354 1242 3418 iere
1262 3355 1432 3437 praeposi·

271 3456 370 3522 tionis
390 3454 565 3520 seeundum
583 3453 673 3518 vices
696 3453 821 3536 explet:
844 3475 924 3538 quae
947 3475 988 3520 ex
1008 3453 1101 3519 vocis
1122 3455 1256 3539 propria
1276 3455 1310 3519 vi
1328 3455 1430 3520 facile

274 3557 444 3622 deducitur
474 3554 555 3620 DPl.
577 3553 620 3619 ΙΙ.’
646 3553 707 3619 259
734 3555 824 3619 iacta
858 3566 1004 3620 obturare
1027 3557 1231 3639 praesentium
1263 3577 1366 3620 rerum
1389 3606 1397 3620 .
1423 3606 1430 3621 .

275 3655 376 3722 debeat
394 3656 492 3739 furere
513 3654 891 3740 ciur'tutemplcuum.·—0b
906 3656 1008 3740 prima
1030 3675 1068 3719 ac
1090 3653 1201 3720 nativa
1221 3655 1286 3720 loci
1308 3656 1432 3739 signifi-

275 3757 412 3834 catione,
428 3776 492 3857 qpa
509 3747 803 3840 designetid,quod
814 3755 1325 3838 obstatalicuirei‚ubitumquasi
1343 3759 1430 3838 ante,

273 3856 884 3942 tumprosupraiereaccipiendumest,
901 3874 1133 3939 saepenumero
1140 3855 1266 3938 legitur,
1284 3855 1374 3920 velut
1387 3853 1430 3920 M.

274 3960 331 4024 VI.
347 3960 409 4025 408
430 3958 466 4022 ub
480 3980 513 4022 os
528 3956 648 4043 puellae
663 3957 854 4042 praevolens.
866 3956 925 4024 XI.
942 3956 1002 4022 tta
1016 3954 1051 4020 ob
1073 3976 1106 4018 or
1123 3955 1255 4022 eabibuit
1276 3977 1430 4020 emeram.

274 4060 315 4125 V.
337 4059 398 4124 319
415 4058 579 4144 peccatibus
600 4058 802 4122 occurentibus
823 4057 858 4122 ob
879 4057 1154 4123 osabtroumtium.
1177 4057 1219 4122 Π.
1241 4057 1299 4120 161
1321 4056 1429 4120 berbu-

275 4161 337 4225 lum
358 4160 529 4244 quempiam
550 4158 584 4222 ub
604 4179 637 4222 os
657 4159 792 4243 eorporis
814 4207 822 4222 .
844 4207 850 4221 .
873 4157 1007 4242 riupour't.
1035 4157 1078 4222 ib.
1106 4156 1166 4221 168
1194 4157 1294 4240 dr'pr'ttlr
1316 4157 1431 4243 pedum

275 4260 407 4324 detunsis
427 4256 463 4322 ot
489 4257 612 4343 lapides.
643 4257 732 4324 VIII.
760 4257 823 4324 550
850 4258 884 4322 ot
910 4259 968 4322 iter
994 4256 1071 4321 r'llurl
1093 4258 1188 4320 iacere
1209 4303 1247 4322 ..
1275 4255 1431 4322 bominum

275 4378 414 4444 corpora.
436 4359 542 4442 Atque
559 4357 640 4422 haec
667 4357 733 4422 loci
752 4358 843 4423 notio
870 4362 1001 4441 praeter
1029 4355 1145 4441 po'etas
1172 4359 1303 4421 veteres
1331 4354 1430 4439 (Eun.

276 4459 395 4543 Plaut.)
429 4459 526 4522 etiarn
552 4458 787 4523 recentioribus
814 4456 943 4542 (Verg.)
970 4458 1099 4540 usitate,
1129 4458 1275 4523 sednon
1297 4457 1344 4520 ita
1366 4457 1431 4522 ire·

277 4578 378 4646 quens
400 4563 460 4664 est.
483 4595 523 4605 -
544 4559 803 4660 Praepositieuis
824 4579 931 4655 penes,
955 4577 1037 4642 quae
1056 4558 1143 4644 apud
1164 4559 1304 4642 optimos
1327 4559 1430 4642 scrip.
