3128 5300
690 451 731 519 23

133 661 304 732 sententiis
333 660 504 746 adiungam
527 661 688 742 oxymoris
707 658 826 724 similes
849 651 994 720 studiose
1017 655 1181 741 quaesitas
1199 665 1288 734 velut

132 767 241 831 Mund.
256 762 539 830 acaemetensium
558 772 593 824 ot
603 762 646 825 sic
665 760 794 824 dicerem
811 756 945 822 ordinem
966 769 1095 824 4444441.
1113 761 1154 825 M.
1169 763 1211 830 Π.
1227 766 1288 832 112

130 867 325 932 ebordebotue
346 873 482 929 orantus.
524 857 579 925 IX.
602 861 662 926 617
708 859 896 943 foetulenta
923 858 1019 922 414444
1044 861 1163 926 sordide
1184 865 1285 929 eandi-

132 969 205 1032 dute'.
242 966 299 1032 XI.
323 965 489 1050 45844114
518 963 683 1046 4444444144
704 941 903 1046 spleddesoeus
925 969 993 1022 utro
1013 959 1116 1024 calore.
1148 958 1204 1029 IX.
1226 965 1287 1029 614

131 1079 166 1131 ot
187 1117 194 1130 .
217 1115 225 1131 .
247 1067 400 1152 receprooo
419 1084 523 1150 pressu
544 1084 610 1126 meu
624 1061 779 1124 recalcans
801 1059 923 1142 oeste'pe'u
937 1079 1068 1143 caperer
1081 1083 1182 1126 errore
1197 1075 1285 1129 certo.

130 1167 171 1234 V.
187 1168 249 1234 314
263 1169 363 1232 eloam
380 1166 563 1252 producetur
586 1161 680 1245 fitam
701 1171 728 1223 et
748 1159 909 1222 1444414444
931 1157 1043 1244 Psyole
1065 1163 1225 1228 comitatur
1245 1215 1254 1232 .
1277 1215 1284 1229 .

130 1271 287 1355 4444441444
308 1289 388 1332 suos.
421 1266 478 1329 Ill.
500 1264 562 1329 214
588 1261 804 1325 exterminatus
830 1260 1080 1344 obturabimus
1101 1263 1285 1331 somae‘olor.

131 1371 270 1436 Ceteras
293 1368 447 1452 argutias,
476 1383 558 1448 quae
581 1363 698 1446 partim
721 1382 761 1426 ex
781 1381 888 1424 rernm
907 1360 1051 1443 ipsarum
1071 1364 1153 1428 mira
1174 1366 1284 1449 specie

131 1475 352 1550 manaverunt,
380 1466 493 1550 paucis
520 1465 571 1529 bis
599 1469 632 1528 et
660 1462 834 1527 inconditis
862 1461 1085 1526 adumbremus
1114 1465 1285 1549 exemplis:

129 1573 173 1636 M.
196 1571 254 1634 XI.
278 1567 440 1634 1841111.
463 1565 525 1630 474
546 1562 708 1628 honoribus
730 1609 736 1623 .
761 1611 767 1624 .
791 1562 961 1626 4414444444
989 1560 1106 1625 tributis
1132 1563 1286 1647 (441441,

133 1673 188 1755 qni
210 1671 293 1735 asini
314 1669 449 1733 formam
476 1660 648 1748 induerat).
677 1661 735 1727 XI.
758 1662 819 1727 755
843 1661 958 1745 Depelle
972 1661 1164 1746 quadrupedis
1185 1663 1285 1728 dlrom

126 1773 257 1856 semem.
274 1822 281 1836 .
297 1778 323 1832 et
338 1767 427 1832 redde
443 1787 488 1828 me
502 1785 564 1827 meo
580 1762 683 1826 lucio.
709 1762 825 1827 similia
845 1761 904 1827 III.
923 1761 993 1825 221.
1010 1761 1081 1826 232.
1103 1763 1145 1828 M.
1160 1763 1202 1828 11.
1225 1764 1283 1828 121

129 1873 180 1935 elle
203 1869 372 1934 Chaldaeus
393 1866 526 1952 44444144
554 1874 647 1927 moute
667 1863 774 1926 uiduus
799 1862 924 1926 necdum
952 1882 1034 1924 suus.
1060 1862 1119 1928 lll.
1142 1863 1204 1927 214
1224 1874 1284 1926 stu·

121 1970 338 2057 4444441444
365 1966 481 2053 quidvis
509 1963 596 2027 ulebd
615 1963 712 2045 4444914
740 1961 864 2026 uidebor
890 1985 949 2027 esse
975 1962 1207 2047 quamtocius.
1241 1963 1284 2029 11.

128 2072 190 2137 153
210 2069 261 2134 Sto
278 2069 426 2133 ’4444141444
448 2118 453 2129 .
476 2115 484 2131 .
501 2085 598 2149 poene
618 2063 740 2126 451444
762 2083 853 2126 erum
897 2064 957 2126 Ill.
980 2062 1041 2127 196
1074 2063 1156 2126 Fotis
1179 2114 1185 2127 .
1209 2111 1217 2127 .
1238 2067 1290 2127 soi

126 2175 213 2256 loaqe
234 2169 396 2234 dr'sseimlir.
424 2168 449 2231 1.
473 2167 513 2231 28
530 2183 629 2250 poene
649 2162 729 2225 41144
752 2158 853 2226 lurore
874 2164 916 2224 od
935 2164 1075 2226 4444444441
1095 2164 1219 2226 moelem
1240 2163 1285 2227 de-

122 2276 286 2357 formatus.
309 2270 365 2334 Vl.
387 2267 458 2331 422.
484 2261 834 2327 aestuosissimum
860 2274 887 2326 et
907 2262 984 2326 ueleil
1004 2262 1198 2347 4114444444
1219 2263 1286 2326 dor·

125 2374 222 2436 miens
249 2370 388 2434 444444.
419 2365 476 2429 Vl.
499 2362 561 2428 445
587 2361 659 2446 quid
680 2362 767 2425 ulcied
787 2383 877 2450 quom
898 2383 995 2426 meum
1017 2363 1183 2425 4444114444
1205 2362 1286 2448 defle·

124 2473 196 2536 bum
217 2471 364 2533 cadauer:
396 2465 482 2550 quod
509 2469 561 2527 est
581 2461 680 2526 multe
702 2463 939 2527 intolerabilius
963 2482 1055 2546 quam
1080 2462 1107 2526 si
1130 2462 1284 2528 dixisset:

125 2592 232 2636 meam
261 2557 434 2634 crastinam
464 2561 649 2642 mortem.*)
697 2562 833 2628 Brevins
861 2564 943 2628 haec
973 2563 1069 2626 etiam
1098 2561 1185 2625 dieta
1213 2568 1287 2626 sunt

197 2685 229 2750 i)
264 2682 368 2736 Nescio
404 2696 458 2750 qua
488 2669 669 2730 ratione'hic
698 2677 813 2729 maxime
841 2676 1054 2747 interposuerim
1080 2678 1234 2730 contortam
1261 2677 1289 2728 et

128 2773 222 2841 ipsam
252 2765 386 2822 orationis
406 2762 541 2833 speeiem,
569 2774 639 2829 quae
666 2775 700 2810 ex
727 2759 821 2812 studio
849 2760 1036 2830 exaggerandi
1063 2761 1107 2813 vel
1133 2760 1286 2814 exacuendi

126 2854 258 2908 notiones
275 2847 418 2920 provenit:
438 2860 602 2915 quamquam
620 2843 752 2912 pleraque
762 2843 797 2896 ad
809 2848 916 2913 partem
929 2843 1136 2914 grammaticam
1148 2848 1286 2915 spectant.

125 2936 251 2996 Primum
267 2934 320 2986 huc
339 2929 485 2984 referenda
503 2935 568 2981 sunt
585 2926 717 2996 44444114
733 2927 887 2982 insolenter
904 2927 1023 2982 adaucta
1041 2931 1072 2980 ut
1088 2930 1145 2999 Ap.
1162 2929 1219 2984 380.
1227 2931 1283 2986 5113.

125 3020 166 3072 Μ.
186 3017 233 3071 IX.
254 3017 312 3071 637.
329 3013 379 3069 648
397 3010 542 3065 admodum
560 3025 637 3080 puer.
654 3009 690 3061 11.
710 3010 764 3063 144.
782 3011 884 3080 444144
907 3025 983 3080 4444.
1006 3038 1040 3049 -
1064 3011 1129 3066 VII.
1154 3013 1211 3068 486.
1234 3014 1285 3068 Vi-

125 3102 204 3155 detis
222 3103 306 3153 istum
324 3099 433 3168 pigrum
450 3094 692 3162 tardissimumque
712 3097 741 3146 et
759 3094 839 3146 nimis
858 3093 972 3147 asinum.
990 3093 1024 3148 X.
1042 3095 1100 3148 163.
1134 3095 1198 3150 Non
1216 3098 1288 3151 enim

122 3193 185 3238 tarn
202 3183 305 3236 stultus
324 3197 398 3233 eram
414 3183 526 3247 tamque
545 3191 609 3230 vere
628 3177 722 3230 asinus
743 3177 788 3246 (de
806 3176 867 3230 his:
885 3177 938 3231 IV.
955 3177 1005 3232 306
1022 3181 1078 3232 tam
1096 3180 1212 3233 infimus.
1230 3182 1287 3252 Ap.

124 3268 187 3324 398.
214 3270 271 3318 tam
298 3278 462 3333 proxumum
490 3259 526 3314 41.
555 3257 638 3327 14144)
657 3259 727 3312 DPl.
750 3260 787 3314 II.
810 3260 874 3314 247·
890 3260 993 3331 oppido
1018 3261 1173 3315 deterrimi“
1202 3265 1287 3332 quod·

125 3366 184 3422 que
197 3347 325 3403 omnibus
341 3345 474 3400 audacius
493 3345 538 3396 441
553 3341 590 3394 Μ.
607 3343 644 3396 Il.
665 3343 711 3396 153
729 3381 735 3395 .
754 3382 761 3395 .
779 3342 952 3397 discerneret
970 3344 1078 3398 duobus
1095 3345 1176 3398 nobis
1194 3345 1286 3400 iacen-
1350 3413 1352 3418 Ι

124 3435 204 3488 tibus
223 3432 286 3502 quis
300 3432 379 3484 44441
396 3427 484 3497 magis
495 3429 627 3478 mortuus.
645 3424 728 3494 Apol.
747 3425 803 3480 443.
822 3443 911 3496 neque
930 3443 984 3480 una
1000 3427 1073 3498 44114
1091 3427 1220 3482 vestitior
1236 3429 1289 3482 luit

132 3533 226 3586 neque
243 3531 298 3568 uno
316 3513 418 3567 baculo
437 3508 657 3564 comisationis.
676 3507 726 3561 IX.
745 3508 801 3563 614.
821 3509 856 3563 Χ.
874 3511 929 3564 132.
950 3515 1026 3564 44414
1045 3511 1159 3564 certior.
1176 3509 1212 3563 V.
1230 3511 1288 3566 338.

130 3600 235 3672 quovis
258 3613 344 3669 puero
367 3595 537 3668 pusiliorem.
559 3609 593 3645 ex
616 3591 708 3660 lrgmt.
726 3592 800 3662 apud
816 3593 899 3647 Prisc
916 3593 968 3649 III.
985 3594 1025 3648 aa.
1044 3593 1208 3663 penitiorem
1227 3611 1289 3664 par·

127 3689 188 3738 tem
211 3683 308 3736 demus
332 3681 367 3734 41.
390 3678 460 3732 Dar.
485 3677 531 3731 155
553 3674 743 3746 penitissimas
762 3675 853 3728 Plaut.
874 3677 945 3732 Geli.
980 3675 1086 3730 Deinde
1105 3681 1174 3729 4414
1192 3693 1287 3748 super-

126 3766 217 3821 lative
240 3764 330 3817 forma
352 3763 522 3831 actioneque
544 3759 637 3813 acrius
660 3758 780 3811 1414444.
802 3759 840 3814 M.
865 3761 1005 3816 17114411.
1028 3760 1050 3816 Ι.
1067 3759 1107 3813 31.
1125 3758 1226 3828 siquid
1244 3763 1289 3812 441

125 3855 224 3902 tamen
247 3837 398 3902 norissima
422 3844 580 3899 extremius.
615 3842 686 3896 DSr.
715 3842 762 3897 126
784 3843 887 3896 nullum
909 3843 1010 3898 4414441
1032 3844 1061 3896 14
1086 3846 1161 3896 14444
1178 3843 1286 3896 homine

125 3931 308 4002 postremius.
330 3931 385 3999 Ap.
404 3930 453 3983 5114
477 3944 539 3983 cum
562 3925 779 3980 adulescentulis
802 3927 1040 3995 postremissumis
1065 3927 1142 3980 Tert.
1168 3925 1289 3980 Graech.

127 4032 175 4085 44.
190 4014 261 4068 Gell.
273 4013 339 4067 XV.
360 4013 397 4067 12.
415 4012 439 4064 3.
456 4011 584 4080 Denique
603 4009 676 4079 quod
694 4009 867 4080 Apuleianae
886 4008 1018 4062 dictionis
1036 4009 1144 4079 insigne
1162 4013 1207 4063 est
1226 4026 1288 4080 spe-

126 4098 228 4161 cimen,
251 4096 420 4167 paenissime
442 4094 480 4146 M.
499 4093 579 4147 VIII.
606 4093 662 4147 523.
681 4095 735 4163 Ap.
753 4093 810 4147 595.
835 4108 869 4144 ex
893 4092 989 4145 eadem
1006 4091 1187 4146 affectatione
1206 4110 1288 4163 quae-

127 4179 237 4235 siticris
262 4195 342 4249 quam
365 4177 544 4232 modestioris
568 4176 703 4230 orationis
727 4173 857 4230 manavit.
891 4175 988 4245 Atque
1011 4169 1085 4229 haec'
1104 4191 1159 4229 una
1177 4194 1288 4248 quoque

126 4264 269 4336 particula
292 4264 348 4314 tam
369 4261 461 4315 tenuis
483 4259 556 4312 inter
579 4259 682 4313 indicia
704 4259 802 4312 referri
824 4260 922 4329 potest
946 4258 1057 4326 linguae
1082 4273 1136 4310 non
1158 4259 1213 4313 iam
1230 4261 1288 4313 suis

126 4346 236 4400 viribus
260 4346 381 4414 vigentis
409 4343 460 4398 sed
487 4343 639 4396 subtilibus
669 4343 802 4396 artcfieiis
825 4342 930 4411 vigoris
954 4341 1016 4395 falsi
1044 4341 1220 4410 splendorem
1247 4341 1287 4394 41-

126 4431 274 4484 144144114.
316 4429 450 4496 Quamdiu
476 4427 547 4480 enim
570 4426 664 4494 lingua
686 4426 773 4481 latina
794 4426 852 4480 suis
875 4424 964 4495 ipsius
988 4424 1138 4479 virtutibus
1161 4426 1287 4490 florebat,

125 4517 194 4586 ipsa
211 4529 278 4565 suae
297 4512 431 4581 simplicis
450 4515 479 4564 41
497 4511 656 4580 incomptae
675 4509 822 4563 facundiae
833 4510 923 4578 gratia
941 4523 974 4560 44
987 4512 1135 4563 venustate
1147 4511 1287 4574 44414414,

124 4596 235 4651 tamdiu
259 4596 394 4649 eiusmodi
417 4595 534 4664 argutiis
554 4593 702 4662 sagacibus
720 4606 815 4646 444444
834 4591 939 4662 potuit:
964 4590 999 4645 ad
1017 4609 1087 4662 quas
1105 4595 1163 4646 tum
1180 4590 1288 4650 demum

125 4680 368 4744 saciacensem,
389 4695 470 4749 quum
488 4676 583 4748 coepit
600 4675 656 4728 labi
675 4679 758 4745 atque
777 4673 922 4744 corrumpi.
