3128 5300
719 401 759 469 67

155 603 397 690 703300311103
418 602 628 673 Plautium.
651 597 1032 692 11116003133331010103
1054 623 1079 671 s.
1102 601 1191 670 Flor.
1202 601 1244 669 11.
1259 601 1310 671 53.
1328 623 1347 674 1

147 703 331 788 procuratus
348 728 372 772 s.
394 707 483 773 Flor.
505 706 761 793 1333133133
783 728 808 772 s.
821 708 863 771 M.
879 703 914 769 V.
936 703 1007 769 306.
1028 702 1070 768 X.
1097 705 1157 769 717
1174 703 1311 790 pressule

152 807 195 871 A.
216 805 380 882 Pactulus,
396 807 482 890 quod
503 806 621 890 plurali
639 827 771 871 numero
790 808 853 891 ipsi
875 803 1027 868 Ciceroni
1045 825 1111 870 333
1124 805 1310 871 inusitatum

153 910 217 988 331,
253 905 410 988 Apuleius
440 908 528 972 solus
561 907 713 991 singulari
740 927 864 990 333333
894 924 990 968 33333
1018 909 1069 968 331
1089 906 1131 972 M.
1153 907 1208 972 XI.
1232 906 1306 972 814:

153 1011 233 1089 post
251 1007 421 1088 pauculum
443 1012 579 1091 tempus
601 1006 641 1072 M.
660 1008 685 1071 I.
700 1007 750 1072 34.
765 1004 890 1072 11101.
913 1005 963 1070 lll.
984 1005 1055 1071 201.
1066 1007 1309 1073 13110103Ρ1331.

153 1107 277 1170 Arncb.
296 1106 339 1169 ib.
361 1104 432 1172 Vll.
456 1108 527 1172 466.
549 1106 608 1171 ΙΧ.
636 1107 707 1173 593.
728 1106 770 1171 X.
793 1107 853 1172 738
876 1111 939 1170 etc.
955 1105 1059 1168 3311013
1080 1106 1119 1173 Α.
1142 1107 1186 1173 ib.
1209 1107 1238 1173 I.
1258 1105 1309 1173 45.

155 1206 213 1272 VI.
236 1206 308 1272 436.
329 1203 383 1272 1Χ.
406 1207 476 1273 651.
492 1203 628 1273 667.1Χ.
648 1208 708 1273 813
731 1213 793 1274 etc.
814 1204 961 1292 3113313313
981 1205 1087 1272 Ρ1331.
1110 1206 1153 1271 ib.
1176 1206 1212 1271 ll.
1238 1206 1307 1274 103.
1328 1247 1341 1274 s

82 1387 86 1390 ,
150 1306 526 1372 3033133101033.111.199
547 1307 855 1398 3331363333101033.
876 1306 980 1371 11119
993 1304 1177 1389 suffocentur
1200 1325 1224 1370 s.
1246 1307 1309 1389 Ap.
1353 1331 1366 1365 1

153 1407 217 1472 393
239 1408 405 1472 tumidulae
427 1429 452 1472 s.
468 1408 510 1472 M.
525 1408 577 1474 lv.
594 1407 656 1472 255
670 1407 805 1471 timidule
820 1427 845 1472 s.
861 1407 901 1473 M.
919 1404 1004 1472 Vlll.
1026 1405 1088 1471 508
1103 1405 1310 1496 0133331111οε3
1332 1449 1344 1482 ,

153 1507 325 1571 formatum
348 1507 562 1590 3313331333
586 1509 746 1572 adiectivo
768 1513 957 1592 tempestus
981 1506 1067 1589 quod
1088 1525 1167 1589 prae
1191 1506 1309 1572 ceteris

151 1607 294 1672 innotuit
315 1607 496 1672 locutione:
518 1628 583 1671 nox
604 1613 774 1691 tempesta.
794 1604 834 1673 M.
858 1605 1073 1672 1117017111.
1095 1605 1156 1670 517
1173 1606 1310 1670 1311111103

151 1707 261 1773 Plaut.
277 1707 396 1779 Catull:
420 1707 506 1790 quod
522 1708 638 1772 deinde
655 1708 759 1772 forma
773 1712 1004 1790 exaggeratum
1018 1705 1216 1788 notioneque
1236 1726 1308 1770 exa·

152 1813 261 1872 cutum
282 1813 348 1872 est:
370 1807 413 1872 M.
435 1803 477 1871 ll.
502 1805 560 1870 151
584 1806 811 1896 1331111010311).
834 1808 869 1872 ll.
885 1804 1095 1870 169333101οε
1117 1826 1142 1871 3.

234 1907 358 1988 Restat,
381 1912 417 1971 ut
439 1908 480 1970 ad
504 1907 734 1972 absolvendam
754 1912 856 1971 totam
877 1907 917 1970 de
943 1905 1124 1972 nominibus
1143 1905 1305 1988 quaestio·

150 2019 226 2072 nem
247 2007 359 2088 paucis
379 2007 574 2091 attingamus
590 2011 755 2072 verborum
777 2010 962 2072 Graecorum
983 2005 1236 2088 usurpationem.
1257 2004 1308 2070 De

151 2128 217 2190 qua
237 2125 303 2169 non
325 2105 484 2189 disputari
504 2113 616 2191 potest
629 2108 662 2170 in
676 2109 860 2173 universum
879 2111 1015 2190 propter
1036 2105 1188 2170 dictionis
1210 2104 1307 2170 libro·

149 2225 283 2290 rumque
310 2205 509 2273 diversorum
530 2209 731 2272 varietatem.
760 2207 857 2284 ,Quod
873 2207 900 2270 si
915 2206 1195 2289 metamorphoses
1219 2205 1307 2272 33133

150 2305 449 2391 contemplabimur,
473 2309 630 2372 orationis
648 2301 725 2372 vere
743 2308 943 2390 Apuleianae
956 2306 1122 2388 exemplar
1132 2304 1308 2372 illustrissi-

148 2428 242 2488 mum,
269 2407 432 2472 rarissime
461 2427 533 2470 eum
560 2408 660 2470 verba
682 2427 701 2470 a
723 2406 857 2472 Graecis
885 2407 1021 2490 petiisse
1044 2405 1229 2472 mirabimur
1253 2427 1305 2471 ea·

150 2506 305 2590 quesere
328 2509 455 2586 333313,
478 2527 559 2591 qnae
588 2508 650 2571 iam
680 2507 867 2589 quotidiano
896 2526 1002 2589 paene
1031 2526 1092 2570 usu
1112 2505 1306 2584 latinitatem

150 2613 246 2672 erant
267 2607 396 2690 adepta.
435 2606 616 2690 Pleraeque
641 2608 725 2671 enim
748 2612 820 2672 sunt
840 2627 947 2672 rernm
963 2606 1209 2690 appellationes,
1231 2627 1306 2690 qua-

147 2730 226 2780 rum,
250 2730 345 2791 quum
356 2729 397 2772 ex
412 2708 609 2773 Graecorum
625 2709 858 2774 consuetudine
876 2707 1135 2791 desumpsissent
1147 2707 1248 2790 ipsas,
1263 2727 1305 2771 ne
1424 2699 1427 2703 ’

147 2809 281 2872 nomina
303 2809 430 2891 quidem
451 2809 695 2872 immutaverant
715 2808 862 2874 Romani.
897 2808 959 2872 Illa
971 2805 1140 2886 vocabula,
1162 2826 1223 2890 pro
1240 2807 1305 2890 qui-

147 2912 210 2973 bus
231 2908 352 2973 1311333
374 2909 504 2992 linguae
527 2909 679 2993 propriae
703 2928 803 2972 voces
831 2913 1007 2992 potuerunt
1037 2908 1196 2992 usurpari,
1232 2928 1306 2973 rara

147 3014 272 3073 tantum
293 3010 420 3093 recepit
440 3030 545 3093 neque
570 3009 648 3092 3113,
679 3008 743 3074 3131
766 2998 846 3091 qnae
869 3009 933 3072 iam
947 3007 1050 3091 priori
1066 3007 1219 3091 scriptori
1233 3027 1305 3091 pro·

148 3113 228 3174 bata
250 3115 357 3174 erant:
384 3130 489 3193 neque
512 3109 596 3174 enim
617 3109 711 3192 plura
733 3105 827 3192 quam
850 3109 913 3174 duo
936 3114 991 3172 aut
1010 3108 1074 3172 tria
1087 3108 1121 3171 in
1135 3113 1304 3174 metamor·

149 3211 301 3292 phoseon
321 3210 413 3273 libris
437 3228 558 3292 graeca
579 3210 740 3274 vocabula
764 3210 895 3274 civitate
924 3209 1045 3273 donata
1067 3215 1141 3273 3333
1163 3209 1303 3276 invenio.

147 3309 198 3374 Ne
220 3310 253 3372 in
279 3308 514 3394 philosophicis
549 3311 676 3393 quidem
705 3312 835 3394 seriptis
862 3309 985 3374 minore
1019 3309 1241 3374 moderatione
1262 3330 1304 3374 ne

148 3411 254 3474 dicam
276 3405 473 3474 verecundia
494 3432 570 3476 usus
586 3417 652 3477 est:
674 3412 709 3475 in
725 3413 839 3495 quibus
859 3413 1001 3496 quamvis
1016 3411 1221 3494 reperiantur
1235 3412 1315 3495 313.

146 3531 202 3576 333
225 3510 373 3576 Graecae
400 3529 501 3575 voees
529 3511 758 3594 1333113113333,
785 3517 895 3576 tamen
922 3517 955 3576 et
976 3531 1108 3574 numero
1133 3512 1304 3578 admodum

147 3630 272 3694 paucae
296 3614 371 3674 3331
394 3614 428 3672 31
447 3615 564 3675 331333
581 3611 629 3676 331
651 3612 724 3696 1333
739 3614 860 3677 habent
875 3611 1034 3695 quandam
1050 3611 1303 3678 excusationem.

145 3712 341 3792 Plerumque
364 3709 447 3772 enim
468 3730 509 3773 ex
532 3711 778 3796 philosophicae
801 3711 953 3776 dictionis
975 3713 1176 3796 proprietate
1196 3715 1301 3776 mana·

146 3817 271 3893 verunt,
295 3829 388 3893 quam
411 3811 550 3876 solemus
574 3813 682 3877 dicere
701 3815 841 3899 τεχνικὴν,
862 3819 1036 3896 quamtum
1056 3813 1156 3877 latine
1172 3819 1301 3879 vertere

147 3919 199 3978 est
219 3912 352 3993 veritus,
376 3932 470 3993 quum
493 3913 648 3978 orationis
672 3921 725 3978 aut
746 3913 898 3979 brevitati
925 3917 980 3976 aut
999 3913 1224 3996 perspicuitati
1244 3935 1301 3979 no·

144 4015 205 4078 luit
227 4012 371 4076 officere.
414 4009 523 4093 Vulgo
550 4014 632 4077 enim
659 4014 692 4077 in
721 4035 760 4078 eo
789 4033 941 4082 summam
968 4014 1167 4098 diligentiam
1192 4005 1328 4100 posuit*

144 4113 286 4195 indeque
311 4111 448 4194 palmam
471 4113 588 4178 doctae
612 4114 781 4198 facilisque
798 4114 970 4179 facundiae
986 4115 1154 4197 quaesivit,
1177 4123 1213 4180 ut
1233 4117 1300 4202 ple·

144 4233 246 4297 raquo
268 4211 429 4277 vocabula
452 4211 580 4277 Graeca
601 4235 695 4298 quam
713 4216 849 4280 maxime
870 4219 1087 4297 congruenter
1101 4216 1301 4302 adaequaret

144 4314 289 4381 Latinis:
311 4313 398 4397 quod
420 4312 459 4392 ei,
484 4332 546 4396 qua
568 4321 638 4379 erat
651 4315 769 4380 infreni
792 4323 887 4402 atque
900 4315 1113 4382 immoderata
1131 4314 1237 4402 neque
1253 4318 1298 4382 13-

143 4414 410 4500 habili·fingendi
429 4414 571 4494 licentia,
596 4416 692 4480 facile
716 4418 860 4501 contigit,
882 4422 918 4480 ut
939 4418 1001 4500 Ap.
1012 4417 1071 4482 481
1097 4421 1251 4505 adepturos
1273 4429 1304 4482 31

143 4519 295 4602 corpores,
318 4519 362 4580 ita
383 4519 460 4580 30131
481 4515 571 4580 labbe
590 4516 713 4601 appello,
735 4538 811 4605 quae
834 4517 1086 4592 Gruem'dmoro'xu
1106 4519 1152 4582 καὶ
1173 4517 1299 4589 curtas.

143 4617 215 4700 Quo
243 4617 388 4685 videmus
415 4616 519 4704 ipsum
545 4618 718 4704 gloriatum
748 4639 821 4688 3333
845 4616 1296 4712 31.113,491;333303131-
