3068 5310
679 468 738 533 101

221 670 285 734 Sed
307 671 369 732 iam
389 670 566 752 linquamus
588 668 808 750 pronominum
831 668 983 731 adverbia
1000 687 1145 750 quaeque
1162 667 1205 730 ibi
1228 687 1282 750 ap·

136 773 202 835 tius
225 769 370 835 subnecti
392 773 552 850 poterant.
595 768 743 831 Imminet
771 767 852 830 enim
875 767 988 850 ingens
1012 765 1177 830 multitudo
1200 771 1283 829 cete-

136 891 242 934 rarum
270 867 494 952 particularum
519 868 621 930 forma
646 886 768 948 usuque
796 866 1095 947 diversissimarum,
1124 866 1283 949 gravitate

136 971 270 1054 parium,
294 987 334 1031 ex
358 968 469 1048 quibus
490 973 578 1029 certe
600 966 733 1028 maritae
764 965 907 1049 insignes
930 968 1178 1048 pertractandae
1201 970 1284 1030 sunt.

136 1071 175 1133 ln
199 1089 329 1152 quarum
355 1072 447 1130 tanta
482 1066 577 1148 copia
603 1070 700 1148 atque
732 1065 891 1129 varietate
925 1067 1108 1129 disserendi
1139 1066 1284 1129 ordinem

137 1168 297 1252 quendam
325 1166 522 1230 servabimus
548 1171 706 1248 “quantum
735 1165 862 1245 quidem
894 1187 1063 1249 possumus
1092 1169 1284 1244 accuratum,

137 1275 194 1331 aut
217 1266 433 1349 originatione
456 1273 510 1327 aut
530 1265 656 1328 ratione
687 1264 804 1329 similia
825 1286 970 1348 quaeque
995 1267 1153 1334 collatini.
1190 1263 1285 1326 Prius

138 1373 254 1449 autem,
278 1386 369 1448 quam
393 1365 536 1447 singulas
559 1363 792 1447 adgrediamur,
821 1372 896 1429 ante
922 1367 1034 1431 oculos
1062 1366 1143 1429 libet
1168 1382 1284 1447 propo·

139 1488 220 1530 nere
242 1466 499 1547 multimodisque
520 1465 674 1548 exemplis
699 1465 859 1528 illustrare
881 1466 1001 1528 iuvabit
1023 1463 1288 1530 consuetudinem

137 1588 205 1630 non
228 1565 319 1628 unius
342 1565 458 1646 Apulei
479 1564 651 1646 propriam,
666 1565 723 1627 sed
738 1565 865 1648 linguae
879 1565 1047 1629 universae
1064 1585 1157 1647 quum
1170 1564 1287 1626 doctae

139 1665 358 1731 affectationis
389 1663 540 1726 arteficiis
568 1665 731 1728 insucatae
752 1671 818 1728 tum
843 1663 983 1746 vulgaris
1006 1665 1162 1730 sermonis
1186 1662 1287 1728 sordi·

137 1771 198 1831 bus
211 1765 652 1847 interspersae'communem:
672 1763 759 1826 illam
774 1763 847 1826 dico
863 1784 975 1827 vocum
995 1764 1138 1827 eiusdem
1152 1767 1220 1847 fere
1234 1760 1289 1824 vel

137 1867 340 1952 propinquae
372 1863 514 1926 notionis
547 1863 808 1945 geminationem,
837 1863 970 1945 primum
1004 1884 1042 1926 ac
1067 1861 1290 1945 principaliter

138 1968 268 2051 quidem
291 1965 332 2028 ad
353 1963 416 2027 viru
443 1982 551 2025 earum
579 1963 757 2047 augendam
786 1964 977 2044 quaesitam:
1005 1964 1063 2028 sed
1084 1961 1289 2026 multifariam

138 2070 184 2131 ab
200 2067 260 2129 hac
281 2061 451 2149 principali
464 2063 591 2126 ratione
613 2064 717 2126 oratio
739 2064 885 2127 recessit.
920 2066 1026 2146 Atque
1049 2064 1091 2126 ad
1110 2063 1290 2128 huiusmodi

138 2164 383 2231 cumulationem
404 2181 496 2242 quum
518 2162 581 2224 iam
602 2163 761 2247 principio
782 2183 917 2247 pronum
933 2164 975 2228 sit
989 2164 1151 2246 ingenium
1162 2163 1288 2246 Apulei,

137 2265 258 2347 ubique
279 2263 449 2326 verborum
471 2261 608 2326 tumulos
642 2282 855 2346 sensuumque
887 2264 1030 2328 cumulos
1062 2263 1223 2328 volventis
1247 2263 1288 2326 ad

135 2366 268 2428 inanem
284 2362 405 2426 aurium
420 2361 668 2426 delectationem
684 2364 907 2446 turgidamque
924 2364 1079 2429 orationis
1094 2365 1288 2428 ubertatem:

139 2471 210 2526 tum
231 2462 365 2524 maxime
387 2461 421 2523 in
444 2461 633 2542 copulandis
662 2463 804 2527 eiusdem
832 2464 900 2526 fere
925 2463 1168 2543 significationis
1194 2463 1289 2545 parti·

141 2563 227 2627 culis
253 2561 315 2624 hoc
339 2560 408 2624 eius
431 2561 568 2625 studium
587 2563 794 2626 memorabile
818 2571 877 2629 est.
905 2563 953 2627 De
975 2563 1039 2628 illis
1062 2563 1189 2645 quidem
1211 2561 1251 2626 M.
1264 2560 1290 2626 Ι.

140 2663 187 2726 58
209 2661 324 2722 curiose
344 2658 454 2723 sedulo.
470 2660 513 2725 ib.
528 2660 570 2724 53
591 2661 644 2724 orta
665 2661 782 2725 {uadem
805 2672 833 2725 ct
859 2664 1019 2748 asperrime
1041 2663 1111 2726 aliis
1134 2660 1290 2725 similibus

139 2781 210 2824 non
234 2759 397 2841 quaeritur
401 2780 411 2839 3
433 2759 612 2824 huiusmodi
628 2781 763 2843 quoque,
786 2783 868 2844 quae
884 2784 925 2827 ex
942 2763 1134 2827 comicorum
1147 2766 1292 2823 veterum

139 2860 325 2924 imitatione
355 2860 526 2934 fluxerunt,
554 2860 706 2926 dictionis
734 2864 953 2946 proprietates
981 2884 1045 2928 non
1065 2860 1290 2943 respiciuntur,

141 2959 258 3042 quales
281 2958 320 3023 M.
335 2957 392 3021 lX.
413 2959 483 3024 662.
504 2958 561 3022 Xl.
585 2960 646 3025 775
672 2963 766 3044 mapis
794 2965 903 3046 optior,
946 2965 1040 3047 muqt's
1066 2961 1217 3024 irritatior
1237 2957 1291 3022 vel

140 3061 187 3125 M.
203 3060 230 3124 1.
246 3059 287 3122 20
308 3060 430 3122 mrbtmo
452 3059 561 3133 mrbus,
585 3060 653 3125 Vll.
673 3061 743 3126 474.
762 3061 803 3127 X.
819 3063 888 3126 717.
904 3065 965 3144 Ap.
986 3062 1056 3127 346.
1072 3061 1158 3128 mor.
1173 3061 1225 3125 IV.
1240 3058 1290 3123 90.

138 3157 225 3224 DSr.
246 3159 307 3221 144
327 3156 419 3222 multo
441 3169 534 3232 tuoto,
556 3166 598 3234 et,
622 3161 708 3242 quod
735 3161 964 3226 Terentianum
985 3167 1045 3242 est,
1067 3162 1113 3226 nil
1131 3159 1292 3245 quidquam

138 3256 323 3322 M.1V.251
342 3262 403 3324 etc.
420 3260 473 3323 vel
487 3260 700 3342 proverbialis
712 3261 821 3342 dictio,
834 3260 1029 3326 Graecorum
1047 3260 1119 3346 χθὲς
1137 3258 1183 3322 καὶ
1192 3257 1291 3341 πρώην

137 3358 347 3442 respondens
371 3379 451 3420 auur
472 3379 568 3443 nuper
582 3355 622 3425 M.
637 3359 695 3424 IX.
711 3361 785 3440 616;
802 3381 904 3445 neque
919 3362 976 3426 illa
992 3361 1131 3444 quidem:
1154 3359 1214 3422 diu'
1228 3357 1291 3420 diu-

138 3482 199 3548 que
218 3459 257 3523 M.
272 3459 313 3524 V.
329 3459 399 3538 356,
423 3464 493 3523 aut:
510 3458 621 3542 procrd
634 3480 671 3521 uc
680 3459 792 3543 procul
804 3462 878 3527 VH.
893 3462 963 3544 448,
987 3467 1042 3525 aut
1058 3468 1293 3544 usquequaque

138 3557 186 3624 Μ.
205 3559 259 3624 ΙΧ.
281 3557 343 3623 665
364 3559 406 3621 ad
428 3559 510 3621 hanc
531 3559 752 3639 quaestionem
780 3561 958 3642 pertinent:
987 3580 1068 3643 quae
1092 3559 1198 3624 omnia
1220 3562 1294 3623 sunt

140 3659 324 3743 singularia
345 3657 447 3741 magis
470 3662 524 3721 aut
538 3657 679 3740 fortuita,
703 3680 795 3742 quarn
812 3667 846 3723 ut
868 3661 910 3724 ad
932 3663 1114 3726 universam
1136 3660 1294 3742 quandam

138 3759 300 3824 orationis
328 3757 559 3840 proprietatem
589 3759 724 3823 alicuius
746 3762 897 3824 momenti
924 3783 997 3828 essa
1020 3761 1155 3845 possint.
1199 3757 1292 3822 Haec

118 3860 242 3943 ,igitur
268 3857 574 3941 praetermittamus:
600 3859 641 3920 ad
663 3857 720 3920 illa
742 3879 820 3922 vero
843 3863 961 3926 acriter
985 3862 1119 3927 intende
1141 3859 1292 3923 animum:

137 3979 218 4040 ergo
233 3961 351 4040 ignor,
373 3978 555 4039 quamquam
576 3961 651 4033 etsi,
679 3961 765 4024 illico
787 3965 907 4046 statim,
937 3967 1054 4027 frustra
1080 3961 1291 4041 nequicquam,

142 4064 275 4125 tandem
298 4061 441 4139 denique,
463 4061 541 4120 adeo
563 4060 618 4139 sic,
641 4062 728 4140 quasi
747 4063 842 4143 velut,
864 4067 936 4125 tunc
951 4063 1072 4140 deinde,
1093 4061 1204 4141 quippe
1228 4064 1291 4122 ete·

137 4163 216 4226 nim.
258 4159 385 4224 Deinde
408 4175 486 4237 quas
508 4157 619 4240 purior
634 4179 739 4223 sermo
753 4180 845 4224 raras
867 4166 988 4223 tantum
1004 4159 1156 4238 adhibuit,
1180 4157 1221 4221 ad
1239 4157 1291 4220 de·

139 4259 303 4344 signanda
331 4257 521 4341 gravissima
548 4263 581 4320 et
613 4259 774 4322 contraria
797 4267 830 4323 ct
852 4260 1090 4341 affirmationes,
1116 4259 1292 4322 innumera·

137 4360 262 4424 bilibus
284 4358 367 4422 locis
389 4357 789 4441 irnmoderateleviterque
806 4359 1029 4444 frequentatae
1052 4366 1209 4443 apparent
1221 4378 1291 4441 par·

139 4460 311 4526 ticularum
334 4459 574 4524 cumulationes.
619 4458 740 4536 Quibus
763 4460 790 4522 si
817 4479 962 4542 quaeras,
986 4465 1141 4544 quatenus
1162 4459 1292 4543 linguae

140 4561 274 4644 species
304 4565 336 4622 et
358 4561 448 4640 quasi
474 4558 600 4622 habitus
628 4579 666 4622 ac
695 4568 808 4623 natura
838 4562 1018 4624 immutetur
1052 4562 1227 4644 quibusque
1251 4559 1292 4625 de

140 4659 269 4738 caussis
286 4659 348 4733 huo
368 4660 408 4734 iis
430 4665 623 4727 momentum
646 4659 891 4736 adiudicandum
915 4660 970 4728 sit:
993 4663 1151 4757 profecto,
1173 4665 1292 4748 otyor.
