3068 5310
667 399 726 466 117

115 602 205 664 tores
234 597 400 664 familiaris
438 599 737 684 consuetudineque
766 597 910 664 stabilita
936 606 989 664 est
1012 600 1179 684 usurpatio
1193 621 1273 666 ·non

113 697 290 780 negligitur
311 703 434 763 tautum
456 699 496 762 ab
511 699 650 782 Apuleio
675 699 734 764 sed
754 719 860 782 paene
882 699 1063 769 invertitur.
1106 699 1272 778 Quaecun-

115 817 177 880 que
202 796 287 870 enim
307 798 506 880 grammatici
533 799 573 863 de
595 800 629 864 vi
650 800 719 865 eius
745 800 918 883 proferunt
944 819 982 864 ac
1011 801 1051 864 de
1080 802 1206 868 ratione
1229 803 1270 866 ab

112 896 240 980 „apud‘
262 896 403 974 diversa,
423 903 459 962 ut
479 898 606 983 Festus,
628 899 749 964 Paulus
770 899 954 968 Diaconus:
982 901 1090 985 „apud
1111 905 1145 966 et
1166 921 1270 984 penes

110 1001 146 1062 iu
168 998 231 1063 hoc
250 997 409 1076 differunt,
434 999 522 1082 quod
548 1000 681 1063 alterum
707 1018 882 1081 personam
910 1021 979 1065 com
1001 1003 1076 1067 loco
1100 1002 1271 1085 significat,

109 1100 248 1164 alterum
258 1118 433 1182 personam
452 1104 486 1162 et
498 1099 671 1164 dominium
689 1104 723 1163 et
743 1101 981 1182 potestatem“:
999 1103 1085 1184 apud
1099 1102 1271 1185 Apuleium

113 1219 154 1263 ea
166 1198 349 1262 differentia
361 1199 492 1263 evanuit
512 1200 567 1280 ita,
589 1205 626 1262 ut
643 1200 824 1283 complures
845 1201 910 1266 loci
924 1223 990 1265 nou
1004 1203 1164 1267 internam
1179 1203 1271 1285 quasi

115 1300 228 1366 sedem
243 1319 282 1364 ac
296 1300 542 1382 possessionem
556 1301 653 1383 vulgo
670 1301 700 1364 ei
716 1300 900 1364 attributam
923 1303 982 1366 sed
1005 1308 1171 1367 externam
1192 1303 1268 1367 vici·

115 1401 251 1464 nitatem
272 1401 477 1466 manifestam
498 1402 652 1466 indicent.
674 1399 748 1464 Huc
769 1400 976 1464 referendum
999 1407 1050 1466 est
1065 1401 1152 1468 mor.
1164 1402 1217 1468 IV.
1232 1402 1274 1467 86

115 1502 170 1584 qut
182 1520 273 1584 peaes
294 1502 447 1564 retrorsus
467 1521 677 1586 saepenumero
684 1502 908 1585 promptissumo
918 1502 1089 1586 dr'sccptoos',
1104 1501 1181 1567 idem
1191 1521 1272 1565 aaut

107 1621 200 1684 peaes
222 1619 300 1662 meos
321 1598 442 1667 taea'to.
463 1600 558 1666 ibat
575 1622 665 1684 peasa
685 1600 795 1662 iudices
817 1601 933 1664 marsuas
953 1602 1023 1682 (ubi
1037 1621 1142 1685 paene
1158 1601 1272 1667 solem·

114 1701 166 1765 nis
188 1706 241 1764 est
255 1699 409 1765 formula:
429 1701 514 1783 apud
527 1701 678 1781 iudices).
693 1701 736 1766 ib.
752 1701 792 1766 98
815 1699 1002 1784 Carthagini,
1016 1701 1072 1766 abt
1081 1711 1144 1766 toto
1167 1702 1275 1766 cs'vr‘tos

115 1800 315 1865 eradstbss'ma'
326 1800 404 1872 csta,
410 1820 502 1883 peaes
522 1819 594 1884 quos
611 1821 727 1866 omnem
741 1800 930 1886 dacaplioom
946 1802 1039 1885 pueri
1050 1802 1178 1883 datust,
1193 1802 1272 1866 iave-

114 1922 166 1965 ocs
189 1909 346 1974 attestant,
373 1919 454 1964 scaea
474 1897 633 1983 doceat.*).
677 1903 738 1964 Par
758 1900 791 1962 in
819 1905 955 1984 propter
975 1899 1082 1964 locum
1102 1901 1272 1982 successit,

113 2002 207 2064 itaut
221 2019 369 2066 caussam
382 1999 416 2062 in
431 1999 537 2064 auimo
554 2000 861 2084 sitamsiguificaret,
875 2020 916 2065 ex
931 2021 996 2083 qua
1010 2001 1096 2067 aetio
1114 2001 1270 2084 prodiret,

113 2102 149 2164 in
169 2099 220 2165 his
242 2100 377 2164 maxime
399 2100 545 2166 formulis
566 2097 607 2166 M.
629 2101 670 2165 V.
697 2100 758 2164 339
774 2121 833 2184 per
853 2101 917 2168 boc.
940 2103 1003 2185 Ap.
1025 2101 1085 2166 471
1106 2121 1162 2184 per
1182 2098 1268 2168 taso:

113 2206 251 2281 utraque
289 2199 360 2265 aliis
401 2221 527 2284 quoque
559 2200 751 2284 posterioris
783 2201 900 2265 aetatis
934 2201 1148 2286 scriptoribus
1181 2200 1273 2283 quasi

114 2296 333 2382 „propterea“
364 2300 494 2366 usitata.
522 2335 562 2346 -
593 2301 721 2365 Deinde
751 2321 822 2365 cum
856 2301 1136 2386 breviloquentiae
1157 2299 1275 2382 {facilis

116 2400 258 2483 quadam
280 2399 391 2483 specie
415 2400 497 2465 dixit
517 2401 559 2466 M.
571 2401 613 2467 H.
630 2402 690 2466 161
705 2411 779 2486 post
799 2401 929 2465 Lethaea
945 2401 1060 2487 pocula
1080 2401 1143 2466 iam
1164 2399 1275 2486 Stypis's

108 2499 277 2584 paludatas
304 2497 560 2584 abminatemffl.
605 2501 764 2566 insolenti
793 2501 853 2566 sed
891 2521 911 2564 a
938 2501 1028 2565 vocis
1058 2500 1182 2584 origine
1209 2519 1273 2564 non

116 2605 246 2664 remota
265 2599 393 2665 ratione
417 2601 558 2685 positum
580 2607 632 2666 est
652 2601 694 2666 M.
715 2603 741 2668 I.
760 2602 801 2666 33
822 2605 988 2666 secuudum
1002 2609 1157 2686 maestam
1176 2599 1274 2666 Muce-

116 2700 211 2764 dora'u
227 2701 399 2784 profectas:
435 2702 522 2784 quod
543 2722 609 2766 nou
635 2722 807 2785 perperam
831 2701 984 2766 verteris:
1022 2706 1154 2766 secutus
1180 2718 1274 2783 quae·

113 2806 208 2882 stum,
222 2800 345 2880 sive,ut
359 2807 511 2884 quaestus
519 2800 665 2887 fert***).
679 2806 760 2868 Prae
776 2807 968 2885 cumquarto
979 2821 1058 2866 casu
1072 2799 1276 2866 coniunctum

112 2901 157 2967 H
181 2900 254 2966 VH.
275 2901 337 2966 486
355 2921 432 2984 proc
445 2911 542 2966 cetum
561 2902 688 2987 stapulas,
712 2903 801 2986 quod
822 2902 1007 2986 complures
1024 2899 1158 2965 codices
1179 2917 1272 2982 pras·

111 3004 202 3082 bant,
229 3000 374 3067 editores
403 3001 572 3068 ferendum
599 3022 672 3067 esse
699 3007 916 3086 negaverunt:
943 3001 1034 3085 atqui
1060 2999 1195 3064 Petron.
1221 3017 1272 3080 cp.

112 3101 167 3168 54.
187 3101 236 3166 ita
262 3101 390 3185 legitur,
419 3103 459 3166 ab
487 3102 614 3168 homine
644 3104 772 3186 quidem
799 3107 986 3186 usurpatum
1014 3100 1172 3167 sermonis
1193 3102 1272 3180 ,bar-

112 3201 209 3266 barie
230 3201 378 3267 ridiculo.

198 3299 319 3366 Restat
346 3307 522 3382 extremae,
547 3323 630 3386 quae
658 3305 876 3369 accusativum
899 3302 1077 3382 desiderat,
1108 3302 1274 3386 praeposi·

182 3449 210 3518 *l
230 3445 331 3504 Latius
355 3452 440 3520 atque
462 3450 666 3516 immodestius,
692 3467 772 3521 quam
794 3451 868 3521 apud
885 3450 1044 3520 Apuleium,
1063 3448 1110 3517 qui
1126 3463 1214 3518 penes
1233 3448 1275 3502 ita

111 3535 277 3606 plerumque
296 3549 358 3588 cum
374 3533 585 3604 pronominibus
604 3534 755 3598 coniunxit,
774 3534 799 3586 is
816 3551 885 3588 usus
902 3533 1056 3588 increbruit
1075 3530 1148 3601 apud
1165 3531 1275 3584 'Pertul-

111 3618 231 3681 lianum,
258 3617 305 3687 qui
331 3633 420 3688 penes
444 3616 478 3670 de
503 3617 629 3686 qualibet
650 3617 707 3670 loci
729 3617 837 3670 ratione
860 3617 956 3689 posuit
979 3617 1016 3671 cl.
1038 3614 1122 3686 Apol.
1144 3615 1167 3670 a.
1184 3631 1273 3687 penes

112 3698 252 3752 Africam.
286 3698 423 3753 DPacnit.
441 3701 457 3754 4
474 3716 562 3771 penes
580 3715 676 3770 aquas.
709 3699 807 3754 DPall.
825 3699 849 3754 1.
866 3715 955 3771 penes
973 3715 1055 3754 aures
1068 3699 1160 3752 Midae
1172 3699 1277 3756 blattit

113 3782 229 3838 Dilaru.
248 3781 311 3837 Chr.
329 3783 369 3836 10.
386 3784 501 3839 Praese.
518 3783 604 3836 Haer.
621 3781 662 3837 80.

166 3863 214 3932 *il
241 3866 328 3934 Quam
351 3883 406 3920 non
430 3868 583 3932 attulerim,
607 3867 661 3921 nisi
684 3867 713 3920 in
731 3865 887 3919 huiusmodi
905 3865 1042 3921 similibus
1061 3867 1204 3940 plurimum
1222 3866 1277 3920 sibi

111 3949 249 4006 licentiae
278 3951 430 4020 sumpserit
457 3951 655 4005 Tertullianus.
689 3949 775 4021 Apud
801 3966 883 4020 quem
909 3951 1006 4005 confer
1030 3953 1099 4006 haec
1119 3952 1217 4023 Scorp.
1237 3951 1276 4005 11.

112 4037 200 4103 „post
217 4033 372 4104 cespitem‘
388 4035 441 4100 (sc.
457 4037 607 4105 postquam
625 4035 763 4106 cespitem
781 4036 898 4103 egerat.)
915 4035 1014 4090 Pudic.
1030 4037 1065 4091 18.
1084 4039 1166 4106 „pust
1177 4035 1276 4089 fidem“

112 4120 167 4186 (sc.
185 4120 344 4189 acceptam)
360 4117 512 4173 adqux.
532 4121 564 4173 15
580 4124 665 4190 „post
682 4134 791 4174 carmen
804 4118 942 4174 visibilis“
957 4119 988 4186 (i.
1007 4135 1029 4172 e.
1048 4122 1197 4189 postquam
1214 4134 1274 4172 car-

110 4216 179 4255 nem
201 4200 309 4270 induit.)
333 4202 394 4258 adv.
410 4201 490 4256 Marc
508 4203 561 4257 IV.
580 4203 610 4257 21
631 4218 703 4267 „non
715 4219 780 4258 caro
798 4202 910 4256 habitus
929 4206 994 4256 ante
1013 4202 1134 4266 formam,
1153 4217 1208 4254 non
1225 4218 1273 4272 pe-

112 4301 167 4340 cus
187 4283 276 4340 dictus
294 4290 360 4357 post
379 4286 508 4355 figuram“
536 4290 587 4357 (so.
606 4290 753 4358 antequam
776 4287 891 4340 formam
913 4287 1012 4339 nactus
1034 4287 1098 4352 est),
1127 4289 1274 4356 praeterea

111 4368 172 4423 alia
193 4367 279 4422 multa
295 4369 441 4425 brevitatis
459 4369 577 4424 audacia
595 4371 696 4424 similia
714 4369 748 4424 cf.
766 4369 828 4424 adv.
847 4368 933 4422 Marc.
957 4369 994 4422 V.
1012 4367 1036 4423 8.
1054 4369 1115 4424 adv.
1133 4369 1215 4422 Prax.
1232 4367 1273 4423 15.

111 4452 203 4524 Apol.
213 4453 236 4506 2.
249 4453 289 4508 15.
302 4453 343 4509 39.
360 4453 437 4507 Natt.
450 4452 471 4505 1.
482 4453 506 4506 4.
521 4453 558 4506 H.
574 4452 613 4505 11.
627 4452 665 4508 17.

151 4535 220 4604 111)
239 4536 306 4590 dum
324 4537 379 4594 hoc
391 4537 454 4590 loco
472 4535 617 4606 aptissime
634 4536 764 4606 congruit
781 4535 849 4590 illud
867 4534 1019 4588 Frontonis
1037 4535 1118 4606 pase
1130 4535 1273 4590 editum:

111 4619 209 4676 Arion
226 4619 360 4678 Goriatbo
380 4621 531 4681 secuudum
549 4625 695 4691 quaestam
712 4621 866 4695 proiectus.
