3068 5310
814 405 872 471 134

269 599 337 664 sine
359 600 423 664 ullo
440 601 584 684 negotio)
607 603 658 666 vel
674 603 713 668 M.
730 587 771 670 Ii.
793 606 852 668 172
874 615 970 668 emtus
992 607 1108 670 inuadit
1122 613 1257 672 animum
1277 611 1419 673 recordo-

264 703 342 764 tione
351 701 507 784 facinoris.
528 703 570 768 ib.
589 705 613 767 I.
630 703 672 768 54
691 705 901 767 misericordia.
924 708 1056 769 saeuitia
1079 707 1103 770 I.
1121 708 1168 772 70.
1185 709 1227 774 II.
1252 709 1308 774 131
1334 727 1427 773 οεν·ο·’

265 800 376 864 cundia
399 801 543 884 aliosque
567 803 725 869 ablativos
753 821 889 868 caussae
923 806 1070 869 omittere
1093 826 1271 889 possumus,
1295 811 1419 894 quippe

268 899 320 981 qui
351 919 392 964 na
426 902 467 964 ab
500 902 627 985 optimis
662 904 789 987 quidem
822 905 1033 986 scriptoribus
1062 905 1158 968 alieni
1188 908 1261 973 sint.
1299 908 1418 991 Neque

268 998 363 1064 etiam
383 1001 529 1084 supinum
556 1003 687 1068 ablativi
722 1005 825 1068 forma
856 1011 911 1068 aut
945 1004 1127 1087 frequenter
1155 1012 1209 1070 aut
1235 1008 1418 1073 insolenter

266 1101 443 1183 usurpavit,
467 1101 612 1183 exceptis
631 1102 708 1168 DPl.
730 1103 771 1168 ΙΙ.
794 1105 856 1169 250
877 1102 983 1167 acerba
1004 1104 1139 1168 toleratu.
1159 1105 1199 1171 M.
1209 1107 1232 1169 I.
1247 1109 1284 1172 18
1307 1107 1421 1173 oudin

265 1221 343 1263 nouo
364 1201 410 1265 uel
429 1206 495 1267 ονόο
516 1201 615 1265 rudia.
649 1203 724 1267 ibid.
751 1225 811 1266 non
838 1204 924 1267 modo
951 1213 1102 1287 compertu
1129 1205 1284 1285 euidentia,
1314 1227 1421 1272 uerum

267 1302 356 1362 enirm
374 1303 460 1385 factu
478 1300 592 1386 [utilio.
636 1304 702 1366 lam
729 1303 867 1387 denique
896 1302 1031 1386 singula,
1059 1309 1094 1365 ut
1115 1300 1154 1369 M.
1185 1304 1225 1367 V.
1254 1305 1317 1370 325
1338 1306 1423 1370 alius

268 1399 386 1462 cr'ttoru
404 1400 537 1485 pulsauit
558 1401 598 1464 ad
620 1403 751 1465 verbum
774 1403 911 1466 canendi
933 1401 1172 1466 similitudinem
1191 1403 1309 1468 dictum
1330 1403 1419 1488 (Vel.

266 1499 374 1565 Flacc.
396 1499 436 1567 V.
458 1498 542 1584 694),
564 1501 658 1566 ulmis
678 1500 766 1565 levia
787 1508 868 1576 sunt,
884 1521 976 1585 quam
998 1502 1165 1584 inquibus
1187 1505 1417 1586 conquirendis

267 1601 563 1683 percenseudisque
586 1601 704 1665 diutius
727 1621 967 1666 commoremur.
1368 1631 1369 1636 ¹

347 1700 454 1784 Atque
474 1701 524 1765 his
545 1701 618 1764 fere*
636 1701 786 1766 dictionis
806 1701 953 1765 licentias
977 1694 1174 1766 absolvimus
1195 1722 1260 1784 οοε,Ι
1285 1705 1417 1786 quaein

267 1799 461 1882 singulorum
474 1821 601 1866 casuum
617 1802 825 1885 usurpatione
839 1801 1061 1898 observantur.
1081 1800 1238 1883 Reliquae
1254 1808 1329 1866 sunt
1344 1823 1415 1884 eae,

266 1920 348 1982 quae
368 1901 401 1964 in
423 1901 681 1966 enunciationem
708 1922 803 1966 cursu
833 1900 1030 1984 singulisque
1054 1901 1223 1966 sententiis
1244 1903 1421 1968 nectendis

265 2005 446 2066 cernuntur.
469 2001 519 2065 Ex
538 2002 650 2084 quibus
673 2022 767 2084 quum
792 2000 963 2064 admodum
984 2001 1093 2066 variae
1110 2003 1226 2066 sintae
1241 2021 1300 2085 per
1315 2008 1421 2066 totum

267 2100 410 2180 syntaxis
433 2101 582 2164 ambitum
605 2101 793 2184 dissipatae,
821 2100 882 2164 hoo
902 2105 1025 2163 tantum
1049 2101 1178 2183 egimus,
1206 2107 1241 2165 ut
1266 2103 1420 2184 gravissi·

266 2219 335 2262 mas
357 2200 517 2282 eligentes
539 2201 799 2266 adumbraremus
815 2205 936 2264 tantum
951 2200 1152 2283 Apuleianae
1177 2201 1329 2266 dictionis
1342 2221 1417 2284 pro·

267 2299 434 2382 prietates.
475 2302 582 2384 Atque
605 2322 645 2366 ex
670 2301 720 2385 iis,
750 2320 832 2383 quae
862 2321 880 2363 a
905 2306 998 2364 recta
1027 2301 1156 2364 dicendi
1184 2301 1418 2366 consuetudine

269 2399 451 2476 abhorrent,
472 2402 653 2484 complures
675 2420 692 2466 e
714 2402 911 2467 Graecorum
933 2400 1085 2466 dictionis
1105 2400 1282 2465 imitatione
1294 2401 1423 2484 proiec-

265 2505 320 2564 tae
344 2505 425 2582 sunt,
456 2502 629 2566 nomrullae
652 2521 692 2565 ex
713 2502 889 2566 festinatae
912 2497 1068 2565 orationis
1083 2501 1292 2583 neglegentia
1313 2521 1423 2564 mana-

267 2605 392 2676 verunt,
414 2620 479 2664 non
500 2621 620 2684 paucas
644 2621 683 2664 ex
706 2602 753 2666 sui
772 2601 883 2684 ingeni
901 2600 1032 2683 propria
1054 2600 1231 2664 subtilitate
1255 2601 1295 2663 de
1315 2601 1422 2665 consi·

269 2699 314 2762 lio
344 2701 552 2783 cogitateque
580 2701 753 2765 affectavit.
801 2704 851 2766 Ac
876 2701 1010 2784 primum
1037 2700 1177 2763 dubitari
1198 2705 1325 2782 potest,
1353 2701 1419 2764 utri

270 2819 388 2883 aarum,
411 2821 490 2884 quas
513 2806 673 2866 exuemus
693 2800 924 2866 nominavimus
946 2799 1100 2879 rationes,
1126 2799 1334 2864 subiciendae
1357 2800 1424 2864 sint

267 2899 388 2980 figurae
409 2899 482 2964 κατὰ
503 2899 536 2962 τὸ
558 2899 743 2984 ἐννοούμενον
765 2900 952 2982 frequentes
975 2918 1096 2982 eaeque
1118 2900 1198 2964 satis
1211 2900 1351 2964 audaces
1374 2921 1423 2964 re·

269 2999 455 3080 petitiones.
498 3001 547 3065 lux
569 3001 683 3084 quibus
698 3002 863 3066 meliorum
881 2999 1073 3082 scriptorum
1094 3019 1153 3062 usu
1168 2998 1230 3062 iam
1252 2999 1330 3062 trita
1343 3006 1420 3063 sunt

269 3099 327 3163 illa
353 3099 392 3167 M.
418 3102 474 3168 IV.
502 3101 563 3166 259
593 3101 796 3186 Unusquisque
822 3101 960 3186 proximi
988 3098 1128 3183 perieuli-
1143 3099 1269 3183 confinio
1299 3103 1423 3162 tarius

267 3206 466 3285 suppetiatum
483 3201 647 3266 decarmint
672 3203 769 3267 annii.
793 3201 833 3266 cf.
849 3201 891 3266 ib.
910 3199 1000 3264 VIII.
1022 3197 1093 3262 520.
1116 3198 1187 3263 562.
1209 3198 1270 3262 579
1291 3203 1420 3262 raaces

267 3301 463 3386 intorquentes
483 3349 490 3366 .
513 3354 518 3361 .
540 3321 597 3364 sua
612 3305 732 3386 quisque
743 3299 882 3365 bruorbiu
899 3299 1045 3362 disserunt
1056 3304 1117 3360 etc.
1139 3297 1191 3360 vel
1207 3283 1246 3362 M.
1259 3297 1344 3362 VIII.
1355 3299 1419 3363 557

269 3399 348 3462 alius
370 3401 488 3488 lepidis,
510 3399 588 3464 uleus
609 3421 727 3464 morsus
747 3399 872 3464 uulnera
898 3401 1062 3482 reserentes.
1095 3398 1140 3460 At
1162 3397 1240 3462 satis
1261 3417 1417 3462 memora·

266 3501 322 3564 bili
349 3502 484 3565 audacia
513 3501 596 3566 haec
629 3501 800 3565 coniuncta
827 3506 901 3565 sunt
929 3497 968 3564 M.
996 3498 1036 3562 II.
1067 3498 1125 3563 164
1148 3496 1280 3580 populus
1302 3506 1444 3560 aestuat·

268 3599 388 3664 diuersa
408 3600 560 3664 tendentes.
582 3602 624 3666 ib.
647 3601 703 3666 IV.
726 3601 788 3665 240
805 3601 909 3686 culpus
935 3599 1086 3664 indoctum
1113 3617 1198 3659 rosus
1220 3597 1341 3658 laureas
1367 3617 1420 3681 up·

264 3698 388 3784 pellunt
413 3700 501 3766 Flor.
522 3701 581 3767 IlI.
609 3701 776 3784 stupens
806 3701 959 3764 bominum
981 3698 1148 3783 frequentia
1180 3715 1343 3759 conuenere.
1381 3698 1423 3760 ib.

270 3800 327 3866 IV.
350 3801 410 3865 103
429 3812 523 3864 lotum
544 3803 606 3864 erus
627 3803 779 3864 servitium
806 3800 917 3865 bitures
943 3807 1016 3863 sunt
1040 3808 1127 3882 utque
1147 3796 1314 3881 epulantur.
1357 3795 1424 3859 Per

271 3901 485 3984 appositionis
509 3901 652 3984 speciem
680 3902 828 3966 excusari
850 3904 989 3982 possunt
1009 3899 1091 3963 haec
1117 3898 1204 3963 Flor.
1232 3896 1255 3961 I.
1286 3893 1329 3960 to
1356 3895 1423 3960 lun

271 4011 297 4063 te
317 4000 476 4067 Severiano
497 4013 560 4064 toro
576 4001 737 4085 provinno
758 4000 969 4065 desideramus·
996 4000 1038 4063 ib.
1067 3999 1118 4063 IV.
1139 3999 1179 4063 83
1203 3997 1297 4061 Tanta
1323 3997 1421 4060 multi·

270 4099 342 4163 iudo
363 4102 405 4164 ud
425 4099 608 4164 nudandum
629 4100 874 4166 conveniensis.
897 4099 937 4165 98
962 4098 1146 4182 Curibupini,
1165 4098 1218 4161 ubi
1236 4107 1298 4161 toto
1316 4099 1424 4161 erbe'tm

271 4202 466 4266 eruditissimi
483 4203 559 4266 eoin.
580 4201 623 4268 ib.
645 4202 672 4265 Ι.
696 4201 734 4265 19
756 4201 828 4266 Indi
846 4223 914 4286 pens
923 4201 1072 4285 populoso
1092 4197 1253 4262 cultoribus
1274 4207 1300 4260 et
1311 4196 1422 4280 finibus

272 4302 408 4368 munr‘mu
427 4303 536 4388 procul
556 4324 576 4364 u
591 4303 675 4366 nobis
697 4302 739 4366 ud
759 4305 898 4367 orientem
919 4302 979 4366 sili.
1017 4301 1120 4365 Minus
1143 4302 1293 4362 accurate
1316 4317 1358 4362 ne
1374 4298 1420 4361 di-

273 4424 342 4469 cam
364 4421 532 4485 perperam
555 4403 728 4468 enunciata
749 4410 824 4468 suut
845 4402 940 4467 etiam
962 4397 1001 4466 M.
1017 4401 1075 4467 III.
1092 4400 1152 4466 185
1166 4399 1315 4483 conspicio
1331 4418 1422 4484 pror-

271 4526 322 4568 sus
343 4514 436 4567 totum
452 4502 610 4588 populum,
633 4504 698 4566 ri‘su
715 4502 895 4589 diffluebant.
930 4503 973 4565 ib.
1003 4503 1062 4566 176
1085 4501 1215 4585 populus
1240 4519 1424 4584 procurrens

273 4627 378 4676 ceurae
398 4612 567 4690 conseptum
588 4650 596 4668 .
615 4603 800 4689 ananau,
823 4601 1029 4670 adducentem
1047 4610 1193 4669 ellectum
1212 4621 1296 4666 omne
1313 4600 1421 4685 sertim
