3128 5300
694 451 743 530 Ἓξ

141 657 303 730 orationis
330 655 522 729 breuitatem
530 662 570 749 *).
614 663 764 748 Denique
786 665 814 728 is
840 684 916 730 usus
945 663 1061 729 Plauto
1090 651 1297 732 familiarissi-

142 786 222 847 mus,
247 787 310 849 quo
332 765 433 829 verba
455 763 551 828 eundi
574 783 644 828 cum
666 765 781 848 supino
805 764 977 848 coniungit,
998 770 1033 829 ut
1056 765 1216 830 actionem
1239 765 1297 829 ali·
1355 788 1358 804 ,

144 885 239 947 qnam
261 865 446 929 inchoatum
467 865 507 928 iri
528 862 581 930 vel
608 884 681 929 csse
711 863 879 948 significet,
909 885 950 928 ex
977 855 1103 949 vulgari
1129 886 1218 930 more
1243 865 1296 930 de-

143 964 219 1028 duci
248 969 373 1047 potest,
402 963 690 1047 Francogallornm
723 964 798 1026 aller
826 971 859 1029 et
880 966 964 1028 arati·
986 964 1296 1048 comparatione**).

143 1063 186 1129 cf.
209 1063 297 1130 Flor.
320 1065 362 1128 Π.
385 1065 426 1128 42
447 1064 546 1128 alieno
565 1064 702 1148 [aratam
724 1074 800 1127 cunt.
843 1062 923 1129 nsr.
947 1064 1007 1129 162
1029 1065 1142 1149 sarepta
1164 1062 1298 1128 Socrates

143 1165 302 1249 quaepiam
324 1165 450 1228 daemon
470 1163 518 1227 ille
531 1167 623 1248 serrae
638 1163 823 1249 prohibitam
844 1163 920 1227 ibat:
948 1164 1090 1230 fortasse
1120 1165 1216 1229 etiam
1236 1165 1298 1230 huc

144 1264 352 1328 referendum
384 1269 436 1329 cst
462 1263 524 1351 ap.
559 1263 621 1329 515
665 1264 770 1327 Utrum
802 1275 834 1327 ta
871 1272 1045 1326 accusatum
1072 1286 1113 1328 aa
1134 1265 1299 1351 ultimoqu-

145 1374 210 1427 tum
230 1365 345 1428 cantati.
867 1423 870 1430 .
1100 1367 1103 1372 ’

229 1464 336 1547 Atque
359 1464 408 1530 his
438 1471 572 1530 conatus
601 1485 669 1530 sum
695 1463 839 1548 vulgaris
868 1464 1025 1530 sermonis
1054 1465 1194 1549 vestigia
1223 1486 1294 1549 per·

144 1583 253 1647 pauca
274 1564 388 1647 paucis
418 1570 506 1628 certe
537 1563 738 1630 adumbrare.
797 1566 961 1648 integram
987 1570 1092 1629 autem
1120 1564 1223 1629 adhuc
1251 1585 1300 1630 re·

144 1663 226 1747 liqui
248 1663 450 1745 Apuleianae
474 1663 625 1730 dictionis
647 1666 889 1749 proprietatem,
905 1670 941 1730 ut
956 1664 1143 1749 quibusdam
1160 1665 1300 1730 fortasse

146 1763 284 1843 videtur,
308 1764 546 1846 gravissimam:
570 1785 662 1847 quam
683 1785 768 1830 novo
791 1765 950 1831 vocabulo
970 1765 1114 1830 breviter
1135 1764 1236 1829 liceat
1258 1763 1302 1827 di·

147 1882 225 1927 cere
246 1865 454 1929 Africitatem.
498 1865 546 1929 De
576 1887 637 1949 quo
664 1865 828 1931 idiotismo
855 1867 889 1929 in
916 1867 1098 1930 universum
1126 1863 1302 1946 aliquid-li·

147 1964 267 2026 bentcr
287 1962 477 2046 proferrem,
502 1965 529 2027 si
552 1965 687 2046 quidde
716 1985 756 2029 eo
785 1966 888 2030 adhuc
917 1966 1071 2048 seriptum
1093 1964 1301 2030 invenissem.

149 2061 218 2126 Sed
239 2082 344 2146 neque
366 2063 510 2129 Ritterus
533 2065 554 2129 l.
578 2085 605 2129 e.
632 2060 706 2147 (Die
734 2063 944 2150 Darstellung
967 2065 1026 2128 der
1047 2070 1157 2130 ersten
1180 2063 1301 2129 christl.

149 2161 386 2227 Schriltsteller
412 2163 545 2226 Afrikas
571 2164 640 2228 XX.
675 2163 773 2246 pag),
810 2171 845 2228 ut
870 2165 941 2248 ipse
971 2165 1170 2249 quaestionis
1192 2163 1303 2228 titulus

147 2262 282 2339 indicat,
307 2263 348 2325 ad
372 2262 596 2345 grammaticas
620 2263 688 2326 cius
707 2263 852 2328 rationes
874 2264 1082 2332 illustrandas
1107 2285 1179 2331 sese
1203 2263 1303 2348 appli-

149 2362 237 2426 cavit
254 2381 359 2446 neque
388 2360 582 2426 Niebuhrius
611 2382 678 2424 rem
706 2363 854 2439 absolvit,
884 2385 979 2447 quum
1007 2367 1132 2432 diceret
1160 2364 1304 2428 Africam

149 2461 346 2525 latinitatem
360 2465 532 2542 tantopere
550 2461 742 2525 disiunctam
757 2463 980 2546 diversamque
997 2465 1098 2531 fuisse
1115 2468 1155 2531 ab
1172 2466 1304 2544 urbana,

151 2567 353 2644 quantopere
389 2579 408 2622 a
438 2559 677 2624 Genevensium
704 2560 876 2627 idiotismis
906 2563 1050 2628 differret
1076 2552 1174 2649 purus
1209 2570 1305 2647 atque

149 2662 279 2726 limatus
303 2679 410 2726 sermo
432 2658 717 2739 Parisiorum***).
752 2661 860 2744 Atque
875 2665 970 2744 nobis
986 2665 1123 2748 quidem,
1147 2664 1174 2730 si
1189 2664 1307 2747 Apulei

151 2762 257 2826 nostri
279 2762 378 2826 solius
401 2760 560 2823 rationem
582 2759 744 2843 habemus,
759 2763 910 2844 neganda
926 2769 977 2828 est
992 2765 1126 2846 quaevis
1149 2764 1306 2828 orationis

151 2861 282 2944 species
304 2859 434 2924 Africa:
471 2879 575 2942 neque
611 2859 694 2924 enim
723 2860 757 2922 in
786 2863 895 2927 verbis
926 2870 980 2928 aut
1013 2864 1231 2928 locutionibus
1255 2868 1309 2927 aut

152 2960 291 3042 denique
316 2963 479 3024 structura
499 2958 677 3022 invenimus
700 2958 831 3042 aliquid,
854 2963 940 3044 quod
963 2965 1122 3046 possimus
1146 2965 1244 3030 certis
1262 2984 1308 3027 ar·

153 3059 314 3143 gementis
333 3058 400 3120 nixi
417 3059 458 3121 ad
471 3057 703 3140 provincialem
717 3059 846 3142 linguae
870 3064 1135 3128 consuetudinem
1151 3065 1309 3146 quandam

156 3155 367 3241 revocare†).
421 3158 465 3220 At
491 3157 531 3220 de
552 3162 622 3220 toto
652 3158 809 3222 orationis
837 3166 950 3226 tenore
986 3183 1096 3228 omnes
1126 3164 1310 3230 cosentiunt

153 3259 306 3340 illumque
328 3265 486 3322 tumorem
506 3256 691 3319 Africanum
715 3257 870 3339 omnibus,
894 3261 948 3342 qni
970 3262 1084 3326 Africa
1104 3263 1228 3327 oriundi
1243 3263 1309 3326 fne-

155 3363 241 3436 runt‚
265 3356 477 3440 scriptoribus
494 3375 692 3420 communem
711 3364 810 3440 atquc
825 3359 1022 3440 peculiarem
1038 3363 1223 3427 adiudicant
1237 3382 1309 3445 pro-

153 3458 340 3540 prietatem:
369 3457 423 3538 qui
440 3461 546 3520 tumor
567 3477 633 3520 non
657 3457 759 3522 solum
782 3457 824 3520 ad
842 3459 1005 3523 scribendi
1027 3463 1243 3546 narrandique
1263 3461 1309 3524 in·

156 3557 265 3621 dolem
286 3556 479 3621 referendus
502 3561 562 3639 est,
587 3557 647 3620 sed
664 3558 831 3638 plurimum
854 3559 950 3622 etiam
973 3560 1014 3623 ad
1033 3562 1190 3626 orationis
1207 3566 1311 3624 exter-

153 3676 228 3718 nam
252 3656 394 3738 speciem
416 3655 503 3718 facit.
548 3655 598 3720 Eo
618 3657 701 3719 enim
723 3658 839 3721 referri
860 3658 1004 3724 volumus
1028 3662 1134 3725 omnia
1156 3663 1311 3745 deprava·

153 3761 210 3818 tae
233 3754 365 3838 linguae
387 3755 517 3839 indicia,
541 3757 581 3821 de
605 3756 718 3840 quibus
742 3777 838 3839 supra
858 3759 1081 3827 dissernimus:
1104 3763 1205 3826 verba
1220 3780 1311 3824 enor-

226 3919 254 3986 *)
273 3920 358 3989 Apud
376 3920 576 3974 Tertullianum
596 3920 732 3975 eiusmodi
750 3937 804 3974 non
822 3921 911 3975 minus
929 3924 1090 3994 frequentes
1109 3927 1266 3987 occurrunt,
1283 3926 1313 3976 ut

153 3999 216 4058 adv.
240 4001 325 4056 Marc.
348 4002 369 4054 Ι.
392 4000 425 4055 29
448 4003 601 4060 liberando.
632 4003 740 4058 inuno
763 4005 914 4068 „indicavit
938 4008 1056 4062 nolendo
1080 4008 1163 4061 fieri.“
1197 4006 1311 4058 Praese.

125 4101 128 4106 ·
153 4085 240 4139 Haer.
257 4085 297 4138 at.
317 4084 483 4148 „Christiani
503 4102 566 4140 esse
586 4103 641 4139 non
659 4091 778 4156 possunt
796 4107 849 4143 non
866 4105 883 4141 a
901 4090 1012 4143 Christo
1032 4089 1158 4143 habendo
1178 4091 1247 4141 elc.“

227 4168 275 4235 ii)
294 4167 328 4223 cf.
348 4167 561 4221 Winokelmann
580 4170 598 4222 l.
616 4186 639 4223 e.
655 4169 703 4224 506
724 4170 768 4237 „le
786 4174 845 4226 vais
865 4173 940 4227 aller.
958 4173 1167 4244 voyahablar.“

225 4253 289 4318 iii)
309 4250 344 4304 ci.
362 4250 506 4319 Vortr'age
523 4252 618 4305 bearbs
637 4269 663 4306 v.
682 4251 805 4307 Schmitz
824 4272 849 4308 u.
868 4258 949 4310 Zeiss
970 4259 1003 4311 ll.
1020 4274 1066 4328 pg.
1085 4254 1141 4308 324.

223 4334 249 4400 †)
268 4334 344 4401 eros
362 4331 581 4388 Hildebrandius
604 4334 685 4391 affert
707 4340 738 4388 ut
762 4338 802 4390 ita
825 4339 913 4394 dicam
931 4341 1144 4403 Africanismos,
1163 4341 1194 4390 nt
1211 4338 1314 4391 habere

156 4433 181 4471 c.
209 4415 349 4472 infinitivo
379 4417 557 4472 coniunctum
585 4423 642 4488 Ap.
669 4418 717 4474 456
742 4424 770 4472 et
792 4422 1056 4492 plusquamperfecti
1078 4440 1128 4493 pro
1152 4421 1314 4491 imperfecto

155 4515 238 4553 usum
265 4499 332 4552 ibid.
355 4499 411 4554 acl.
438 4519 580 4572 vocesque
607 4504 731 4571 singulas
763 4519 792 4558 ut
821 4505 1003 4576 paupertinus
1035 4507 1120 4576 (quod
1148 4506 1257 4576 quidem
1287 4506 1315 4555 et

155 4583 282 4638 Varroni
309 4585 338 4635 et
364 4583 455 4638 Gellio
478 4575 611 4642 usitatum
635 4594 690 4657 est)
719 4593 748 4642 et
766 4589 900 4642 eiusmodi
919 4588 1051 4654 leviores,
1081 4591 1243 4662 plerumque
1260 4602 1315 4640 non

156 4668 237 4726 recte
255 4664 425 4732 observavit.
