3128 5300
837 391 889 457 a

289 593 468 677 percipitur
500 593 632 660 fructus.
673 589 901 677 Praeterquam
934 595 1026 678 enim,
1061 595 1147 680 quod
1169 597 1211 661 ad
1239 597 1436 664 latinitatem

280 695 448 778 scriptoris
464 695 701 760 diiudicandum
714 694 793 760 nihil
808 694 937 776 iaciunt,
960 697 1077 762 multae
1095 698 1191 762 etiam
1213 699 1339 781 vulgari
1357 721 1434 765 con·
1509 687 1515 708 '

282 794 442 858 suetudiui
463 795 644 858 tribuuntur
665 795 868 860 verisimilius
887 816 980 880 quam
1002 799 1131 863 certius.
1164 798 1285 875 Quibus
1306 801 1435 868 relictis

280 914 385 978 pauca
407 896 447 960 de
470 895 621 960 universo
653 895 809 960 orationis
839 902 951 960 tenore
987 896 1048 962 huc
1075 904 1232 981 vergente
1264 899 1433 968 addamus.
1531 941 1532 944 =

279 995 384 1080 Atque
406 995 540 1079 primum
559 994 655 1078 igitur
676 1015 791 1078 rerum,
813 1016 894 1079 quae
909 1002 1097 1075 tractantur,
1121 998 1309 1063 diversitate
1324 999 1435 1066 immu-

278 1102 347 1172 tata
369 1101 420 1161 est
441 1096 510 1161 eius
538 1097 665 1179 speeies
688 1117 708 1160 a
730 1102 911 1161 ceterorum
939 1097 1129 1181 scriptorum
1157 1098 1335 1162 excultiore
1361 1121 1434 1166 ora·
1532 1173 1533 1180 q

280 1195 379 1260 tione.
417 1194 612 1279 Saepissime
636 1196 718 1260 enim
739 1195 836 1278 idque
859 1197 1060 1280 potissimum
1080 1197 1111 1261 iu
1134 1197 1245 1281 primis
1262 1205 1435 1264 metamor·
1532 1191 1533 1196 ¹

282 1293 429 1377 phoseou
461 1295 552 1360 libris
583 1317 749 1362 sermones
780 1296 963 1361 referuntur
985 1304 1019 1362 et
1041 1298 1279 1376 altercationes,
1315 1299 1435 1381 quibus

284 1394 392 1457 vivida
414 1401 447 1459 et
467 1395 602 1460 incitata
621 1397 656 1460 iit
677 1397 829 1461 narratio.
874 1397 924 1460 lta
945 1402 1077 1480 praeter
1099 1399 1231 1481 ellipses
1255 1398 1434 1464 festinatae
1532 1439 1534 1446 ·

283 1495 440 1560 orationis
462 1496 613 1580 proprias
628 1496 764 1570 maxime
778 1496 1037 1561 interiectionum
1051 1498 1149 1580 longe
1163 1498 1292 1581 lateque
1311 1504 1432 1582 patens
1532 1491 1533 1494 ¹

277 1595 460 1677 frequentia
481 1596 661 1678 quotidiani
683 1596 841 1660 sermonis
854 1599 991 1679 praebet
1006 1597 1165 1680 quandam
1181 1598 1433 1664 similitudinem.

277 1695 487 1760 Inveniuntur
507 1702 612 1761 autem
635 1698 718 1761 adeo
741 1697 865 1778 crebro,
889 1702 1002 1761 61666
1028 1697 1183 1780 colligere
1206 1697 1275 1762 fere
1298 1698 1434 1781 longum

277 1795 319 1859 sit
341 1795 382 1860 cf.
398 1817 460 1859 ecce
480 1797 522 1863 M.
537 1798 563 1863 I.
579 1799 628 1863 21.
645 1799 694 1863 28.
710 1796 760 1861 56.
778 1797 826 1860 71.
843 1795 891 1860 72.
908 1796 956 1862 79.
971 1795 1013 1861 II.
1030 1796 1079 1861 84.
1097 1797 1165 1862 116.
1183 1797 1251 1861 120.
1269 1797 1337 1862 126.
1357 1799 1429 1863 156.

274 1894 332 1959 Ill.
347 1895 415 1961 192.
433 1895 500 1961 194.
517 1898 588 1964 207.
613 1898 661 1962 lV.
676 1897 747 1962 251.
763 1897 833 1961 283.
850 1897 920 1962 287.
937 1896 1007 1961 296.
1024 1896 1076 1960 Vl.
1089 1896 1160 1962 421.
1175 1896 1246 1961 422.
1261 1896 1332 1960 443.
1352 1896 1429 1961 VII.

273 1996 343 2062 492.
357 1996 428 2062 493.
443 1997 514 2064 498.
537 1998 619 2063 VHI.
637 1998 708 2063 522.
724 1996 794 2061 534.
818 1997 869 2062 lX.
885 1996 955 2060 614.
970 1996 1040 2060 636.
1057 1996 1126 2062 637.
1140 1996 1212 2062 654.
1226 1991 1264 2060 Χ.
1282 1996 1352 2061 708.
1372 1996 1429 2062 ΧΙ.
1536 2039 1537 2042 =

275 2098 344 2164 755.
362 2100 431 2165 787.
453 2100 522 2164 778.
545 2099 614 2165 796.
637 2098 707 2163 803.
732 2096 803 2160 804.
823 2096 893 2161 814.
915 2096 977 2179 Ap.
998 2096 1060 2161 550
1082 2103 1143 2163 616.
1166 2118 1200 2160 eu
1221 2098 1247 2161 I.
1271 2098 1298 2161 1.
1314 2097 1364 2162 60.
1389 2097 1431 2162 V.

275 2200 347 2265 336.
370 2200 453 2264 VIH.
475 2199 545 2263 539.
575 2197 633 2262 ΙΧ.
657 2198 719 2262 620
741 2218 776 2259 eu
797 2217 859 2260 ecce
881 2197 1084 2280 coniungitur
1105 2197 1146 2262 M.
1165 2198 1186 2263 l.
1201 2197 1230 2260 9.
1246 2195 1340 2260 VIII.
1354 2197 1427 2262 576.

275 2297 331 2363 ΙΧ.
351 2298 421 2365 630.
443 2295 482 2363 Χ.
499 2299 569 2363 696.
584 2294 639 2360 ΧΙ.
657 2299 732 2378 783;
753 2296 834 2370 leur,
856 2308 883 2360 et
903 2297 983 2380 1666,
998 2298 1049 2361 aed
1062 2297 1133 2362 tetra
1148 2299 1189 2364 M.
1205 2298 1228 2362 l.
1248 2297 1295 2360 17.
1309 2297 1359 2362 49.
1376 2297 1427 2362 53.

273 2398 322 2462 68.
338 2397 380 2463 Π.
396 2398 464 2463 113.
483 2399 552 2462 146.
575 2397 648 2461 VH.
665 2397 736 2462 489.
758 2397 842 2461 VIII.
857 2395 928 2461 557.
946 2397 1002 2463 ΙΧ.
1017 2398 1087 2463 657.
1112 2398 1155 2464 Χ.
1172 2399 1240 2463 708.
1263 2398 1424 2461 temetum

273 2500 307 2564 V.
323 2497 394 2563 383.
416 2499 458 2562 II.
475 2497 544 2562 145.
566 2499 627 2581 Ap.
650 2496 721 2571 550,
741 2497 805 2560 alia
824 2497 948 2562 similia.
994 2498 1078 2561 illud
1105 2499 1200 2562 etiam
1227 2498 1312 2581 quod
1333 2499 1430 2562 vehe-

273 2605 398 2664 menter
419 2598 639 2662 asseverantis
662 2603 722 2672 est,
744 2597 802 2662 sed
817 2596 905 2660 velut
925 2597 1048 2663 ironice
1064 2598 1225 2680 loquentis
1241 2598 1352 2683 quidni,
1368 2619 1430 2681 pro

273 2706 386 2764 natura
418 2720 476 2764 sua
497 2718 561 2761 uon
589 2699 750 2761 iuvenitur
781 2697 843 2762 nisi
864 2698 898 2761 in
921 2699 1121 2764 sermonibus
1155 2699 1196 2761 ad
1219 2698 1429 2782 quotidianae

272 2803 357 2865 vitae
379 2799 642 2890 cousuetudinem
665 2798 858 2864 assimulatis
879 2799 935 2879 (cf.
964 2797 1096 2863 Petrou.
1120 2818 1169 2880 cp.
1186 2799 1255 2863 127.
1269 2797 1335 2862 0ie.
1354 2797 1428 2862 fam.
1462 2825 1472 2846 κ

272 2903 330 2967 ΙΠ.
354 2902 381 2967 7.
404 2901 510 2967 Plaut.
533 2901 629 2964 Truc.
653 2900 692 2966 V.
716 2900 745 2964 2.
768 2899 815 2964 19.
838 2898 1015 2963 Menechm.
1035 2898 1074 2962 V.
1097 2898 1126 2964 5.
1153 2898 1190 2962 14
1211 2896 1288 2976 616.)
1330 2899 1426 2979 Apud

272 3003 438 3086 Apuleium
462 3001 655 3066 creberrime
676 3000 813 3083 legitur:
836 2999 878 3063 M.
902 2999 953 3063 lV.
974 2997 1037 3062 290
1054 3000 1266 3084 necquicquam
1281 2997 1367 3062 dolor
1386 3021 1427 3060 se-

273 3105 364 3168 datur
383 3103 506 3187 puellae.
527 3101 660 3180 Quidni!
675 3123 751 3187 quae
772 3151 778 3163 .
803 3149 810 3161 .
830 3101 893 3163 crue
914 3098 1000 3162 modo
1016 3097 1103 3182 116161
1125 3098 1166 3163 cs.
1179 3099 1221 3163 ib.
1236 3099 1275 3164 V.
1287 3098 1357 3163 376.
1371 3097 1429 3162 Vl.

223 3226 228 3234 ·
271 3208 343 3272 412.
364 3206 457 3270 VIII.
475 3205 545 3270 519.
563 3202 621 3267 IX.
639 3203 709 3266 610.
721 3200 791 3265 624.
811 3195 866 3263 ΧΙ.
882 3199 952 3264 810.
974 3200 1044 3264 816.
1064 3199 1172 3264 Μ666.
1192 3199 1262 3263 360.
1281 3199 1342 3280 Ap.
1359 3199 1431 3264 393.

272 3307 350 3388 5133
378 3306 517 3392 quqrpiru'
539 3305 580 3368 M.
603 3297 658 3367 lX.
682 3301 752 3366 644.
782 3301 888 3382 Atque
915 3305 951 3362 ut
978 3299 1058 3362 haec
1089 3298 1325 3362 sermocinandi
1352 3298 1431 3362 iuci-

273 3409 354 3472 tatio
369 3407 478 3471 vivida
493 3429 512 3471 a
528 3404 672 3490 gravium
688 3421 799 3465 rerum
813 3400 1019 3483 expositione
1035 3400 1152 3482 frigida
1170 3419 1287 3481 reapse
1301 3398 1433 3474 diversa

273 3514 331 3590 est,
356 3509 403 3574 sie
424 3506 579 3572 narrandi
603 3503 761 3587 quaedam
784 3501 972 3583 simplicitas
997 3500 1085 3565 rudis
1107 3502 1146 3562 ab
1165 3499 1361 3562 eruditorum
1377 3519 1430 3561 ex-

274 3607 360 3672 culta
372 3609 514 3673 dictione
530 3611 581 3672 est
612 3605 727 3670 aliena.
772 3603 821 3665 Ea
838 3603 921 3666 euim
936 3601 1078 3666 cernitur
1092 3600 1125 3662 in
1147 3598 1326 3662 huiusmodi
1340 3599 1430 3681 pleo-

274 3708 393 3773 nasmis
422 3708 481 3774 lll.
503 3710 562 3774 183
589 3718 669 3772 retro
697 3705 823 3790 reflexus
852 3705 888 3768 X.
913 3705 982 3768 747.
1016 3721 1124 3763 rursus
1155 3699 1269 3763 reuerti.
1300 3699 1346 3763 vt.
1370 3699 1430 3762 397

275 3813 382 3874 iterum
405 3809 541 3872 reddunt.
565 3803 603 3872 X.
618 3807 679 3871 716
700 3806 825 3891 desuper
847 3813 1063 3891 superstrueret
1089 3803 1140 3868 lV.
1163 3803 1224 3866 318
1251 3799 1433 3892 mediatori

273 3909 435 3974 meditullio
464 3909 517 3972 VI.
539 3907 602 3971 435
630 3908 748 3989 frustra
776 3927 893 3970 currum
916 3905 1084 3968 tumultum.
1118 3900 1269 3968 vrttes
1297 3900 1432 3962 uniuersi

274 4033 372 4075 omues
394 4010 509 4090 (Plaut.
533 4007 622 4073 Tria.
643 4008 669 4074 I.
696 4009 725 4073 2.
753 4008 824 4073 134.
858 4007 897 4072 V.
923 4008 952 4072 3.
982 4004 1062 4086 39.);
1095 4004 1211 4068 deinde
1255 3999 1349 4064 etiam
1381 3998 1432 4062 his

275 4112 324 4176 tv.
346 4110 406 4176 257
428 4111 509 4174 aolus
531 4132 566 4174 66
587 4109 748 4173 solitarius.
770 4103 809 4172 X.
833 4107 903 4172 724.
926 4105 1006 4170 66166
1027 4117 1054 4170 61
1074 4107 1136 4169 6166
1156 4102 1218 4166 6116
1240 4100 1351 4164 comite.
1373 4098 1431 4163 ΙΙΙ.

275 4212 339 4277 200
363 4212 458 4275 Ρ6666
480 4221 507 4275 61
524 4211 663 4294 formido.
686 4210 745 4274 ΠΙ.
767 4208 837 4273 211.
850 4207 940 4271 VIII.
955 4205 1025 4271 516.
1048 4205 1150 4269 intecti
1167 4213 1253 4286 utque
1273 4199 1431 4262 immuniti.

273 4314 343 4378 Vll.
351 4311 411 4376 457
423 4313 529 4396 spretis
542 4321 629 4396 atque
639 4309 822 4392 contemptis.
837 4306 949 4373 ib.499
965 4305 1122 4370 coutemnit
1131 4323 1167 4365 66
1178 4300 1309 4385 despicit.
1320 4298 1432 4363 ib.468

274 4415 346 4479 taeta·
355 4423 382 4477 et
390 4411 559 4496 quaemus.
573 4413 616 4478 ib.
624 4411 686 4476 473
695 4409 829 4495 prudeus
842 4408 998 4493 laetusque.
1009 4407 1052 4471 ib.
1060 4405 1120 4469 461
1133 4421 1281 4465 uetuere
1295 4421 1347 4463 666
1358 4419 1430 4462 cuu-

275 4515 363 4580 ctutio
382 4518 444 4578 etc.
458 4512 605 4596 Denique
615 4509 757 4596 vulgaris
770 4507 924 4590 loquendi
935 4527 1012 4573 6666
1028 4507 1165 4590 aliquem
1184 4506 1272 4567 certe
1286 4500 1430 4568 colorem

274 4614 428 4687 inducunt
434 4613 531 4682 etiam
537 4608 838 4684 deminutivaeffuse
846 4608 963 4703 ubique
977 4607 1150 4678 cumulata:
1163 4625 1246 4698 quae
1255 4603 1430 4674 secundum
