3068 5310
843 429 902 494 122

293 623 437 698 cantatas.
487 628 528 698 ll.
557 629 855 708 104‚oascnlnmin
882 633 962 695 ortr's
986 629 1113 717 {lactine
1139 631 1243 697 crebra
1268 633 1434 698 nncatr'rm.

287 735 330 800 ib.
352 733 378 799 I.
400 734 438 797 21
461 736 496 796 in
514 733 641 817 ficantes
663 732 803 795 tortncsis
825 781 832 796 .
856 781 863 797 .
884 731 1071 796 saltationem
1086 735 1223 817 rnplr'rat.
1257 735 1299 798 ll.
1334 739 1388 798 141
1411 741 1437 798 in

287 834 382 918 officio
404 854 503 898 mones
524 845 647 896 sanctae
667 843 735 895 tnnc
753 832 900 895 bonitatis.
928 832 985 898 IV.
1008 835 1069 898 282
1089 836 1122 896 in
1137 855 1193 918 qno
1221 834 1284 896 solo
1304 847 1437 918 poteram

287 935 412 997 celatam
432 933 584 997 acernam
596 933 675 1016 serre
694 933 768 995 tono
789 933 988 1014 commilitoni,
1004 933 1047 994 sic
1061 933 1212 1017 r'ndaqr’nis
1225 934 1383 1018 principes
1398 936 1438 997 de·

286 1033 440 1099 lrortalrar.
463 1032 525 1096 llla
545 1031 623 1096 DPl.
645 1032 671 1096 Ι.
691 1032 750 1096 201
779 1032 812 1093 in
838 1032 902 1094 lnce
928 1032 1042 1094 ennoea
1064 1031 1177 1094 ardere.
1199 1035 1261 1115 Ap.
1283 1033 1346 1097 457
1371 1035 1436 1098 deiri

287 1138 347 1198 tiae
365 1155 425 1197 non
446 1137 553 1200 melias
573 1133 605 1194 in
617 1132 722 1212 fandis
735 1142 761 1193 et
773 1131 882 1212 sonore,
898 1153 987 1216 qnam
1002 1134 1066 1214 apso
1080 1131 1208 1194 nominis
1230 1135 1334 1198 animo
1357 1139 1437 1198 aesti-

287 1245 411 1296 mantnr
433 1251 622 1314 quamquam
650 1231 778 1295 facilius
809 1231 976 1313 explanari
1001 1237 1148 1313 possunt,
1175 1238 1283 1295 tamen
1313 1238 1347 1296 et
1371 1234 1438 1315 ipsa

286 1333 348 1396 huc
365 1339 510 1415 vergunt.
563 1330 659 1394 Nulla
685 1331 751 1394 alia
776 1350 813 1394 re
840 1351 932 1413 quarn
960 1331 1120 1393 brevitate
1144 1339 1219 1394 sunt
1239 1331 1384 1415 insignia
1404 1333 1437 1397 11.

287 1433 346 1498 III.
371 1433 431 1496 182
453 1452 518 1495 cnm
534 1451 578 1494 me
600 1431 733 1494 viderent
754 1433 895 1513 inferro.
918 1432 960 1496 in.
983 1431 1042 1494 193
1063 1440 1097 1492 nt
1118 1431 1150 1492 in
1172 1451 1240 1494 acre
1262 1432 1363 1515 e'rnnqo
1383 1443 1438 1495 rtet.

287 1531 374 1595 Flor.
395 1531 437 1593 ΙΙ.
459 1530 496 1593 51
517 1530 656 1614 plurimo
678 1532 752 1593 anri
771 1541 797 1593 et
818 1532 936 1613 arpenti
954 1534 1033 1593 ratio
1054 1531 1087 1593 in
1108 1529 1252 1593 lancibus.
1297 1531 1438 1614 Denique

288 1632 329 1694 ad
351 1637 478 1713 tempus
504 1629 685 1693 translatae
710 1630 963 1711 praepositionis
990 1631 1018 1694 is
1040 1649 1115 1693 usus
1137 1632 1360 1695 memorabilis
1383 1639 1435 1710 est,

288 1751 350 1813 quo
370 1729 513 1793 ablativo
542 1729 680 1810 additur,
709 1731 762 1792 ubi
788 1729 866 1791 nihil
895 1729 1055 1812 signifieat
1080 1729 1142 1793 nisi
1173 1735 1301 1813 tempus
1329 1733 1436 1814 ipsum,

286 1850 361 1910 non,
376 1836 412 1892 ut
432 1829 540 1910 vulgo,
554 1848 667 1910 rerum,
681 1847 764 1912 quae
786 1849 827 1892 eo
840 1835 986 1911 tempore
1000 1830 1078 1892 liunt
1091 1831 1332 1896 condicionem:
1357 1833 1438 1894 velut

288 1929 420 2011 saepius
442 1927 523 1991 dixit
544 1929 577 1991 in
598 1951 631 1990 eo
652 1935 901 2012 temporeztum
929 1930 970 1993 cl.
998 1929 1059 2011 Ap.
1087 1930 1158 1994 478.
1181 1931 1254 1994 494.
1277 1931 1351 1996 521.
1371 1932 1436 1995 533.

285 2027 346 2091 Est
367 2028 417 2090 hic
440 2027 640 2110 antiquorum
666 2029 802 2091 maxime
828 2037 998 2111 poetarum
1026 2035 1059 2092 et
1085 2030 1304 2094 recentiorum
1339 2029 1436 2113 (Suet.

285 2128 383 2209 Plin.)
407 2127 574 2191 familiaris
596 2147 683 2192 usus.

369 2229 437 2290 Iam
464 2227 607 2309 reliquas
639 2227 910 2310 praepositiones,
944 2249 1026 2310 quae
1059 2229 1233 2292 ablativum
1263 2229 1438 2310 requirant,
1502 2303 1503 2310 ἵ

287 2330 444 2410 deinceps
467 2331 709 2410 pertractemus.
732 2328 907 2409 Aprimum
921 2328 986 2392 loci
1007 2328 1142 2407 ratione,
1165 2330 1354 2410 plerumque
1371 2349 1439 2392 eum
1502 2321 1503 2350 *

286 2429 395 2493 verbis
418 2426 604 2511 opponendi
619 2426 767 2506 iunctmn,
789 2427 950 2510 significat
964 2447 1030 2490 rem
1049 2427 1228 2508 adversam,
1246 2448 1286 2492 ex
1301 2431 1438 2492 adverso

286 2528 435 2611 positam,
458 2533 493 2589 ut
512 2527 574 2607 Ap.
606 2525 667 2589 428
700 2525 748 2587 lta
775 2538 800 2588 ct
822 2526 877 2588 teln'
895 2527 1087 2609 r'pnotititatis
1111 2526 1219 2590 nmtra
1243 2529 1440 2613 aprobotore

286 2628 405 2694 obstitit.
435 2625 531 2705 (Pliu.
556 2623 652 2706 Stat.)
675 2625 717 2690 ib.
738 2625 799 2687 513
820 2647 839 2685 a
862 2625 942 2688 cotr's
969 2636 1037 2690 stat.
1078 2625 1158 2688 Loci
1182 2627 1345 2691 rationem
1364 2630 1438 2691 reti·

183 2753 192 2772 ·
285 2729 355 2791 nuit
381 2728 478 2790 etiam
499 2723 581 2789 DSr.
598 2724 657 2788 135
678 2735 712 2786 nt
735 2725 918 2808 l‘nran'rnirs
939 2725 1063 2788 Priscus
1076 2725 1176 2808 aquila
1195 2728 1388 2791 obumbretur
1403 2729 1438 2790 nt

286 2832 378 2911 apice,
406 2827 528 2890 Seroim
554 2822 671 2886 Tulliae
690 2823 812 2907 flamma
835 2825 1042 2888 collnnn‘netnr
1056 2849 1074 2886 a
1090 2829 1202 2909 capite:
1225 2848 1307 2909 quae
1322 2829 1441 2891 deiude
1501 2898 1502 2922 ,

284 2924 414 2988 transiit
434 2923 467 2985 in
494 2941 564 2986 eam
593 2924 869 3006 significationem,
899 2945 994 3006 quam
1022 2924 1161 2989 solemus
1189 2927 1353 3008 explicare
1382 2947 1442 3009 per

285 3025 387 3086 verba
408 3022 516 3106 „quod
538 3022 655 3086 attinet
676 3022 749 3087 ad“.
773 3024 871 3087 Velut
892 3045 957 3088 non
978 3023 1142 3104 inaequali
1159 3025 1285 3106 quidem
1301 3034 1440 3090 atcerte

286 3124 441 3206 singulari
462 3123 557 3186 modo
580 3119 692 3204 (vulgo
715 3123 797 3185 enim
813 3123 981 3187 adiectivis
999 3124 1046 3186 ita
1065 3123 1201 3203 additur,
1225 3131 1260 3188 ut
1275 3127 1441 3188 condicio-

285 3243 357 3286 nem
379 3223 500 3286 indiaet
522 3223 563 3286 ad
586 3230 705 3286 certam
728 3224 867 3306 aliquam
888 3243 954 3285 rem
969 3223 1119 3300 relatum)
1131 3223 1240 3304 posuit
1251 3225 1293 3288 M.
1304 3225 1362 3289 IV.
1377 3227 1443 3290 284

286 3323 468 3408 Thrasyleon
483 3321 567 3385 nolrr‘s
586 3323 702 3406 perierit,
715 3324 767 3404 sed
786 3345 805 3384 a
817 3323 915 3404 plana
936 3343 994 3384 non
1012 3323 1137 3405 perivit:
1160 3343 1296 3404 quocum
1312 3343 1443 3404 campa·

284 3429 374 3487 ratur
400 3422 582 3486 Plautinum
612 3423 797 3504 exemplum,
833 3423 933 3484 verbo
962 3422 1152 3485 simillimum
1175 3422 1272 3487 Truu.
1297 3424 1322 3488 Ι.
1339 3425 1366 3488 1.
1381 3425 1442 3489 26τ

455 3522 505 3585 bis
525 3522 623 3604 periit
641 3530 767 3586 amator
787 3522 829 3583 ab
851 3540 887 3583 re
910 3523 1015 3603 abque
1038 3521 1143 3584 animo
1167 3521 1268 3586 simul.

368 3621 449 3684 Tum
468 3622 531 3702 Ap.
546 3621 607 3686 388
627 3619 736 3685 maltos
751 3619 943 3705 pln'tosopleos
967 3621 1003 3682 ab
1025 3641 1075 3682 ore
1101 3620 1318 3684 honestissimos
1333 3644 1443 3686 aremo-

283 3721 348 3783 riac
363 3720 468 3805 prodi.
490 3719 571 3786 DSr.
589 3720 648 3785 115
669 3743 722 3784 nec
742 3743 761 3784 a
784 3739 907 3803 corpore
928 3720 1073 3782 caducam
1091 3741 1144 3782 nco
1165 3719 1201 3782 ab
1224 3732 1316 3784 aetate
1337 3735 1441 3786 mnta·

284 3818 351 3882 br'la:
375 3841 395 3883 1
417 3818 530 3900 quibus
552 3840 618 3885 non
639 3820 686 3882 ita
706 3819 803 3904 longe
827 3819 949 3883 distant
982 3820 1023 3885 M.
1048 3820 1118 3884 Vll.
1137 3820 1198 3888 Ι481
1231 3821 1354 3904 pedatus
1375 3827 1445 3886 sans

283 3919 320 3982 ab
341 3939 435 4004 aquae
454 3917 577 3981 madore
601 3919 753 3982 consmlens
780 3918 833 3982 vel
853 3920 930 3983 Asc.
946 3921 1007 3984 318
1028 3920 1117 3983 inane
1137 3920 1174 3982 at
1195 3920 1269 4002 tyni,
1296 3920 1333 3983 alr
1356 3943 1445 4006 aqna
1499 3961 1500 3972 .

284 4017 408 4103 (Prud.)
430 4019 496 4081 Iam
519 4017 658 4099 denique
680 4018 859 4082 huiusmodi
877 4017 985 4082 verbis
1007 4016 1046 4081 M.
1064 4020 1104 4082 11.
1119 4019 1180 4082 146
1194 4019 1322 4082 cadaver
1338 4041 1359 4081 a
1374 4045 1444 4084 mc·

283 4118 321 4180 lie
342 4117 476 4202 Harpyis
497 4120 647 4182 custodias
668 4139 732 4182 non
754 4120 941 4200 infrequens
965 4119 1091 4181 additur
1112 4115 1209 4201 (Plin.
1230 4117 1333 4194 Quint.
1359 4123 1445 4198 etc.)

283 4215 401 4282 Restat
420 4227 455 4280 ut
477 4219 518 4282 de
540 4219 658 4282 solitae
682 4218 915 4282 coniunctionis
943 4217 1151 4300 usurpatione
1179 4217 1310 4281 insolita
1332 4218 1442 4284 disse-

282 4336 407 4381 ramust
428 4316 577 4382 1181159
587 4319 624 4380 ab
644 4319 751 4381 Anlrite
762 4317 912 4380 desedilns
925 4327 951 4380 et
961 4317 1082 4380 obsessis
1094 4325 1122 4380 ct
1132 4316 1229 4380 taedio
1242 4317 1444 4382 adnuentibus

283 4416 457 4498 (Graecis.)
488 4417 538 4480 lbi
560 4420 622 4497 „ab
651 4418 765 4480 Aulide
799 4417 943 4482 desidem
976 4419 1071 4480 esse“
1098 4416 1195 4499 longe
1225 4417 1442 4482 alienatione
1498 4419 1499 4500 1

284 4516 437 4598 scriptum
453 4517 692 4598 cogitatumque
714 4524 766 4580 est
785 4537 879 4599 quarn
895 4518 956 4596 „ab
972 4536 1071 4599 opere
1087 4517 1263 4583 desidem“.
1284 4519 1337 4582 Ab
1354 4519 1442 4582 enirn
1498 4525 1499 4566 ἐ

283 4613 344 4680 hoe
366 4615 617 4702 locoflesignat
644 4635 799 4702 caussam,
831 4623 863 4680 ut
885 4617 1023 4698 saepius,
1052 4635 1134 4700 quae
1162 4617 1304 4680 cernitur
1325 4618 1360 4682 in
1380 4619 1440 4682 im·
