3128 5300
698 415 739 502 4'v

132 637 253 723 rupen)
275 632 487 705 M.VIH.591.
509 635 616 704 X.693
636 636 756 702 oeteo
776 633 882 705 Plaut.
898 635 974 704 Ter.
986 635 1054 705 (lic.
1075 637 1117 703 ad
1137 631 1290 705 AttXlV.

133 740 203 804 6.1.
224 738 356 822 apoto
375 739 425 804 bis
447 739 634 820 repetitum:
656 737 743 802 calebo
763 759 790 804 s.
807 739 851 803 ib.
872 737 934 803 573
955 739 1056 822 cupio
1078 760 1104 805 s.

215 837 324 921 Atque
347 837 487 904 hissera
511 838 781 904 substantivorum
804 837 954 902 ambitum
977 838 1172 906 absolvimus
1193 841 1290 906 maio·

131 921 223 1002 ribus
246 939 512 1022 gravioribusque
535 940 713 1022 quibusque
736 936 902 1001 ordinibus
917 939 1130 1019 perlustratis.
1158 939 1292 1024 Singula

133 1038 236 1120 enim,
261 1045 297 1102 ut
317 1039 379 1122 Ap.
392 1037 454 1104 506
475 1039 579 1102 cludere
602 1059 627 1104 s.
649 1039 692 1104 ib.
712 1037 774 1102 472
795 1038 928 1121 ee'rqtbol
946 1037 1044 1105 Prud.
1067 1037 1167 1107 Solin.
1190 1041 1232 1108 M.
1254 1044 1290 1109 ll.

132 1138 195 1201 137
219 1137 346 1219 feminal
371 1159 396 1202 s.
423 1135 613 1218 (Suetonius
640 1143 763 1202 tantum
790 1137 955 1202 feminalia
981 1138 1062 1203 dixit
1082 1140 1165 1224 Aug.
1187 1141 1228 1206 82
1249 1141 1290 1207 de

134 1257 263 1300 crurum
292 1237 415 1318 fasciis)
443 1238 486 1302 ib.
509 1240 545 1302 ll.
560 1239 619 1303 116
645 1238 774 1322 siqnt‘sea
792 1237 913 1303 Arnob.
937 1235 1047 1304 Sidon.
1069 1238 1123 1303 vel
1142 1241 1186 1307 ib.
1208 1237 1229 1308 l.
1252 1241 1291 1308 67

132 1337 249 1404 aneto
270 1335 376 1402 Plaut.
400 1335 493 1414 (lato,
517 1338 557 1401 de
580 1357 644 1420 quo
667 1337 750 1403 Gell.
772 1337 812 1403 N.
832 1337 874 1402 A.
897 1337 987 1402 llVll.
999 1337 1028 1404 2.
1039 1338 1096 1404 21:
1135 1339 1194 1404 Sed
1204 1333 1292 1406 'nunc

130 1437 248 1500 arrabo
268 1437 302 1499 in
322 1436 454 1502 sordidis
473 1436 568 1500 uerbis
585 1436 692 1502 meat·
708 1447 825 1522 coeptus
844 1459 881 1502 oc
900 1438 994 1503 malco
1008 1438 1126 1504 videtur
1141 1441 1292 1506 cordatius

130 1556 229 1600 arro:
249 1537 342 1602 istius
364 1539 451 1602 modi
473 1538 633 1604 vocabula
646 1537 863 1604 tenuissimis
878 1557 916 1602 ac
931 1539 1079 1622 dispersa
1092 1546 1175 1625 sunt,
1198 1563 1291 1626 quarn

130 1657 175 1701 ex
197 1637 309 1720 quibus
332 1637 448 1719 aliquis
467 1637 667 1721 quaestionis
690 1636 889 1720 percipiatur
910 1638 1043 1707 fructus.
1062 1639 1216 1707 Extremo
1232 1643 1289 1726 igi·

127 1737 281 1802 tur-loco
305 1737 474 1803 afferamus
500 1739 565 1802 iam
585 1737 758 1828 nonnullas
781 1739 1010 1804 vocabulorum
1036 1741 1173 1825 formas,
1208 1763 1290 1825 quae

130 1857 174 1901 ex
197 1838 384 1902 vetustioris
406 1836 535 1920 linguae
557 1858 626 1918 usu,
648 1837 803 1919 quaedam
824 1845 912 1903 certe
932 1859 972 1904 ex
993 1841 1136 1925 vulgaris
1158 1861 1291 1908 consue·

128 1937 244 2000 tudine
268 1937 456 2020 desumptae
480 1943 567 2004 sunt:
590 1938 678 2001 velut
699 1936 857 2004 Priscian.
880 1939 926 2003 Vl.
944 1941 992 2004 18.
1007 1960 1038 2023 p.
1053 1939 1114 2005 285
1135 1940 1290 2022 (Krehl.):

128 2037 260 2122 Antiqui
283 2046 383 2100 tamen
411 2042 499 2102 etiem
527 2039 649 2122 nunquia
675 2037 825 2114 dicebant,
861 2039 940 2102 unde
966 2040 1108 2125 Apuleias
1134 2045 1168 2106 in
1190 2043 1291 2126 ppbro

128 2137 356 2220 Heriumque:
377 2139 490 2223 Aspero
512 2139 603 2203 biems
625 2148 698 2213 erut
720 2142 823 2203 omnia
842 2139 952 2222 uritque
971 2139 1133 2204 canebant:
1154 2141 1291 2226 ningues

128 2241 306 2320 praeterea
333 2237 451 2319 plurali
472 2250 604 2303 numero
628 2238 747 2321 legitur
768 2237 897 2304 Lucret.
919 2239 975 2304 VI.
999 2241 1068 2306 736.
1120 2242 1227 2328 Atque
1250 2245 1290 2309 de

127 2336 224 2400 vocis
244 2334 336 2399 biems
357 2336 458 2418 ipsius
481 2337 690 2420 usurpatione
713 2338 775 2421 Ap.
788 2337 865 2404 545:
885 2339 987 2404 Hiems
1006 2345 1084 2406 unni
1096 2352 1162 2406 ersa
1183 2344 1291 2409 confe-

127 2436 253 2500 rendus
277 2442 331 2500 est
350 2435 441 2503 Serv.
465 2438 599 2504 adAen.
617 2438 651 2503 ΙΙ.
667 2438 741 2502 311:
792 2438 900 2502 Veteres
921 2439 1042 2504 hiemem
1064 2444 1140 2505 anni
1158 2442 1296 2506 dicebant

127 2557 167 2599 ne
190 2544 344 2619 tempestus
362 2548 461 2621 posset
481 2539 614 2622 entellae'pu'.
666 2538 883 2622 Frequentior
904 2539 1042 2623 denique
1063 2546 1117 2605 est
1139 2562 1293 2624 generum

129 2635 353 2699 commutatio:
396 2636 485 2700 velut
511 2658 576 2702 non
603 2638 654 2701 lac
683 2639 743 2703 sed
767 2639 870 2703 lactem
899 2639 979 2704 dixit
1005 2640 1048 2705 Μ.
1075 2641 1154 2706 Vlll.
1176 2640 1238 2706 585
1258 2641 1293 2704 ni

129 2735 219 2800 forte
241 2734 327 2824 lacte
351 2735 464 2802 melius
487 2737 659 2820 legendum
682 2736 782 2824 ests),
806 2761 900 2823 quam
922 2740 1057 2804 formam
1080 2741 1293 2824 antiquiorem

130 2833 240 2913 (Cato.
262 2835 345 2900 Eun
366 2833 486 2917 Plaot.)
513 2839 706 2920 praeposuit
726 2837 768 2904 M.
782 2839 860 2904 Vlll.
874 2838 944 2904 549.
968 2837 1021 2903 Sic
1042 2840 1138 2904 etiam
1159 2842 1220 2924 Ap.
1231 2839 1294 2904 594

126 2954 258 3017 paneam
273 2933 361 3011 dixit,
376 2936 462 3018 quod
473 2936 654 3001 Plautinum
670 2943 722 3002 est
736 2934 947 3018 (Manias.
965 2938 1041 3006 Ter.
1048 2935 1166 3006 Andr.l
1172 2937 1293 3024 itan)

132 3053 198 3116 pro
222 3053 335 3116 ganea,
360 3039 393 3097 et
406 3034 448 3098 M.
463 3037 518 3102 Xl.
534 3035 595 3102 775
621 3037 783 3101 caduceum
809 3044 842 3102 et
862 3038 905 3106 ib.
930 3031 1237 3106 wiltunensium
1260 3047 1294 3106 et

128 3133 197 3216 Ap.
209 3133 268 3199 571
291 3146 428 3198 uterum:
446 3134 533 3216 quod
554 3137 736 3217 priscorum
758 3137 877 3220 (Plaut.
890 3136 1015 3221 Aluan.)
1031 3137 1143 3203 nititur
1157 3141 1294 3205 auetori-

128 3239 201 3297 tate
220 3234 261 3300 of.
283 3233 364 3298 Non.
387 3234 558 3319 panas&
583 3237 700 3302 deinde
722 3237 829 3304 Mund.
851 3239 914 3304 334
931 3240 1089 3323 femineam
1105 3261 1194 3304 secus
1207 3239 1294 3323 quod

128 3332 288 3399 Priscian.
309 3334 483 3417 v‘.8p,197
506 3337 607 3401 tradit
628 3338 797 3419 probatum
819 3338 920 3406 fuisse
939 3340 1113 3406 veteribus.
1149 3334 1294 3404 Indidem

130 3431 196 3496 sibi
218 3435 353 3516 sumpsit
375 3434 472 3498 etiam
498 3434 538 3501 M.
551 3437 611 3501 617
630 3437 818 3519 scrobebam
845 3441 934 3506 cents:
963 3441 1050 3524 qood
1071 3439 1199 3522 quidem
1219 3439 1293 3504 reli·

129 3531 215 3614 quis,
238 3552 320 3616 quae
341 3535 438 3600 modo
462 3539 788 3614 commemoravimus,
812 3539 1012 3623 frequentius
1035 3537 1246 3620 occurritis).
1291 3579 1292 3584 κ

207 3631 312 3715 Atque
335 3633 386 3698 hic
403 3635 588 3720 aptissimus
603 3637 680 3700 mihi
695 3638 784 3704 visus
802 3644 854 3704 est
870 3639 963 3704 locus
978 3638 1195 3722 percensendi
1210 3638 1293 3722 Apu·

135 3732 185 3797 lei
210 3735 476 3800 consuetudinem
503 3737 537 3800 in
565 3757 625 3802 usu
653 3737 925 3802 substantivorum
960 3739 1175 3822 observatam,
1212 3757 1293 3821 quae

136 3833 285 3916 quamvis
308 3834 350 3896 ad
381 3834 516 3900 alteram
549 3841 674 3919 partem
710 3836 924 3920 syntecticam
947 3841 1085 3923 spectet,
1112 3845 1220 3904 tamen
1249 3837 1295 3901 ibi

135 3933 242 4016 minus
265 3938 448 4016 opportune
471 3941 602 4018 poterat
624 3937 737 4004 subici.
773 3937 910 4022 Saepius
931 3937 1014 4002 enim
1028 3937 1133 4022 iungit
1154 3938 1218 4001 duo
1239 3957 1293 4001 vo-

131 4032 252 4098 cabula
266 4034 321 4118 ita,
334 4039 370 4099 nt
381 4033 516 4098 alterum
528 4037 680 4112 adiectivi
694 4037 837 4104 induisse
851 4043 999 4102 naturam
1012 4057 1078 4102 non
1097 4036 1295 4101 infitiandum

129 4134 190 4198 sit:
214 4134 301 4217 quod
324 4138 379 4199 aut
400 4153 460 4217 per
481 4137 698 4219 appositionis
721 4138 866 4222 speciem
887 4142 951 4215 aut,
972 4137 1121 4220 longiore
1144 4136 1289 4222 circuitu,

201 4329 229 4400 5)
260 4331 330 4386 Gall.
360 4329 423 4384 NA.
445 4332 510 4386 ΧΠ.
538 4334 560 4386 l.
581 4335 605 4388 7.
633 4335 735 4388 lactem
759 4351 841 4406 quum
865 4334 996 4388 Horisius
1021 4331 1162 4389 dubitaret
1179 4349 1292 4406 poneret

130 4414 227 4469 delere
245 4417 338 4467 tamen
355 4415 451 4480 nollet,
470 4415 590 4486 scripsit¹
601 4417 736 4487 lacte(m).

182 4501 229 4566 es)
245 4499 306 4553 Has
325 4497 493 4552 mutationes
511 4500 625 4568 generis
645 4503 773 4570 vulgares
785 4503 941 4557 idiotismos
952 4517 1015 4556 csse
1027 4503 1081 4560 iam
1093 4504 1194 4558 voluit:
1213 4499 1291 4556 Hau·

130 4600 224 4648 maon,
253 4583 367 4636 Poecile
394 4581 464 4636 1729.
491 4599 537 4652 pg.
561 4582 625 4639 dib:
655 4585 697 4637 De
721 4585 875 4640 Latinitate
897 4585 1008 4656 plebeia
1029 4589 1090 4644 aevi
1114 4587 1290 4656 Ciceroniani
1373 4603 1374 4608 ’

129 4667 279 4725 admodum
297 4667 369 4724 exile
388 4667 471 4736 atque
489 4665 555 4720 rude
575 4668 724 4740 specimen.
