<?xml version="1.0" encoding="UTF-8"?>
<!DOCTYPE html PUBLIC "-//W3C//DTD XHTML 1.0 Transitional//EN"
    "http://www.w3.org/TR/xhtml1/DTD/xhtml1-transitional.dtd">
<html xmlns="http://www.w3.org/1999/xhtml" xml:lang="en" lang="en">
 <head>
  <title>
</title>
<meta http-equiv="Content-Type" content="text/html;charset=utf-8" />
  <meta name='ocr-system' content='tesseract 3.04.00' />
  <meta name='ocr-capabilities' content='ocr_page ocr_carea ocr_par ocr_line ocrx_word'/>
</head>
<body>
  <div class='ocr_page' id='page_1' title='image "./delatinitatelap00kretgoog_0123.png"; bbox 0 0 3150 5312; ppageno 0'>
   <div class='ocr_carea' id='block_1_1' title="bbox 820 403 881 476">
    <p class='ocr_par' dir='ltr' id='par_1_1' title="bbox 820 403 881 476">
     <span class='ocr_line' id='line_1_1' title="bbox 820 403 881 476; baseline 0 -3"><span class='ocrx_word' id='word_1_1' title='bbox 820 403 881 476; x_wconf 80' lang='lat'><strong>114</strong></span> 
     </span>
    </p>
   </div>
   <div class='ocr_carea' id='block_1_2' title="bbox 268 599 1424 792">
    <p class='ocr_par' dir='ltr' id='par_1_2' title="bbox 268 599 1424 792">
     <span class='ocr_line' id='line_1_2' title="bbox 268 599 1424 692; baseline 0.006 -23"><span class='ocrx_word' id='word_1_2' title='bbox 268 681 270 688; x_wconf 21' lang='grc' dir='ltr'>Ι</span> <span class='ocrx_word' id='word_1_3' title='bbox 351 599 462 692; x_wconf 71' lang='lat' dir='ltr'><strong>Atque</strong></span> <span class='ocrx_word' id='word_1_4' title='bbox 485 599 628 674; x_wconf 73' lang='lat' dir='ltr'><strong>hissera</strong></span> <span class='ocrx_word' id='word_1_5' title='bbox 651 623 801 674; x_wconf 90' lang='lat' dir='ltr'><strong>summam</strong></span> <span class='ocrx_word' id='word_1_6' title='bbox 830 608 870 675; x_wconf 87' lang='lat' dir='ltr'><strong>de</strong></span> <span class='ocrx_word' id='word_1_7' title='bbox 894 605 1088 692; x_wconf 83' lang='lat' dir='ltr'><strong>singularam</strong></span> <span class='ocrx_word' id='word_1_8' title='bbox 1114 608 1344 692; x_wconf 83' lang='lat' dir='ltr'><strong>particularum</strong></span> <span class='ocrx_word' id='word_1_9' title='bbox 1363 631 1424 678; x_wconf 81' lang='lat' dir='ltr'><strong>usn</strong></span> 
     </span>
     <span class='ocr_line' id='line_1_3' title="bbox 273 705 1422 792; baseline 0.007 -22"><span class='ocrx_word' id='word_1_10' title='bbox 273 705 416 774; x_wconf 80' lang='lat' dir='ltr'>dedimus</span> <span class='ocrx_word' id='word_1_11' title='bbox 440 707 659 773; x_wconf 81' lang='lat' dir='ltr'><strong>adumbratam</strong></span> <span class='ocrx_word' id='word_1_12' title='bbox 685 708 796 792; x_wconf 81' lang='lat' dir='ltr'><strong>magis,</strong></span> <span class='ocrx_word' id='word_1_13' title='bbox 825 728 919 792; x_wconf 88' lang='lat' dir='ltr'><strong>quam</strong></span> <span class='ocrx_word' id='word_1_14' title='bbox 941 710 982 772; x_wconf 88' lang='lat' dir='ltr'><strong>ab</strong></span> <span class='ocrx_word' id='word_1_15' title='bbox 1005 711 1090 774; x_wconf 89' lang='lat' dir='ltr'><strong>omni</strong></span> <span class='ocrx_word' id='word_1_16' title='bbox 1116 717 1210 792; x_wconf 84' lang='lat' dir='ltr'><strong>parte</strong></span> <span class='ocrx_word' id='word_1_17' title='bbox 1233 711 1422 778; x_wconf 76' lang='lat' dir='ltr'><strong>absolutam.</strong></span> 
     </span>
    </p>
   </div>
   <div class='ocr_carea' id='block_1_3' title="bbox 231 805 1428 4684">
    <p class='ocr_par' dir='ltr' id='par_1_3' title="bbox 231 805 1426 1873">
     <span class='ocr_line' id='line_1_4' title="bbox 271 805 1423 896; baseline 0.007 -26"><span class='ocrx_word' id='word_1_18' title='bbox 271 805 388 874; x_wconf 87' lang='lat' dir='ltr'><strong>Restat</strong></span> <span class='ocrx_word' id='word_1_19' title='bbox 415 806 639 890; x_wconf 83' lang='lat' dir='ltr'><strong>gravissimum</strong></span> <span class='ocrx_word' id='word_1_20' title='bbox 663 809 927 890; x_wconf 74' lang='lat' dir='ltr'><strong>praepositionum</strong></span> <span class='ocrx_word' id='word_1_21' title='bbox 954 827 1066 892; x_wconf 82' lang='lat' dir='ltr'><strong>genus.</strong></span> <span class='ocrx_word' id='word_1_22' title='bbox 1105 806 1237 874; x_wconf 86' lang='lat' dir='ltr'><strong>Multum</strong></span> <span class='ocrx_word' id='word_1_23' title='bbox 1260 830 1297 875; x_wconf 89' lang='lat' dir='ltr'><strong>ac</strong></span> <span class='ocrx_word' id='word_1_24' title='bbox 1322 832 1423 896; x_wconf 89' lang='lat' dir='ltr'><strong>saepe</strong></span> 
     </span>
     <span class='ocr_line' id='line_1_5' title="bbox 271 907 1423 994; baseline 0.005 -24"><span class='ocrx_word' id='word_1_25' title='bbox 271 908 305 970; x_wconf 90' lang='lat' dir='ltr'><strong>in</strong></span> <span class='ocrx_word' id='word_1_26' title='bbox 326 907 535 990; x_wconf 85' lang='lat' dir='ltr'><strong>usurpatione</strong></span> <span class='ocrx_word' id='word_1_27' title='bbox 561 925 670 987; x_wconf 83' lang='lat' dir='ltr'><strong>aarum</strong></span> <span class='ocrx_word' id='word_1_28' title='bbox 692 927 711 970; x_wconf 88' lang='lat' dir='ltr'><strong>a</strong></span> <span class='ocrx_word' id='word_1_29' title='bbox 732 907 831 974; x_wconf 87' lang='lat' dir='ltr'><strong>solita</strong></span> <span class='ocrx_word' id='word_1_30' title='bbox 854 908 1017 973; x_wconf 89' lang='lat' dir='ltr'><strong>scribendi</strong></span> <span class='ocrx_word' id='word_1_31' title='bbox 1038 927 1151 972; x_wconf 85' lang='lat' dir='ltr'><strong>norma</strong></span> <span class='ocrx_word' id='word_1_32' title='bbox 1176 910 1316 976; x_wconf 82' lang='lat' dir='ltr'><strong>recessit</strong></span> <span class='ocrx_word' id='word_1_33' title='bbox 1337 909 1423 994; x_wconf 86' lang='lat' dir='ltr'><strong>Apu·</strong></span> 
     </span>
     <span class='ocr_line' id='line_1_6' title="bbox 271 1005 1425 1092; baseline 0.003 -21"><span class='ocrx_word' id='word_1_34' title='bbox 271 1007 363 1075; x_wconf 83' lang='lat' dir='ltr'><strong>leius.</strong></span> <span class='ocrx_word' id='word_1_35' title='bbox 385 1007 507 1078; x_wconf 85' lang='lat' dir='ltr'><strong>Verum</strong></span> <span class='ocrx_word' id='word_1_36' title='bbox 528 1005 676 1074; x_wconf 88' lang='lat' dir='ltr'><strong>hocante</strong></span> <span class='ocrx_word' id='word_1_37' title='bbox 699 1008 884 1090; x_wconf 84' lang='lat' dir='ltr'><strong>monuerim,</strong></span> <span class='ocrx_word' id='word_1_38' title='bbox 907 1006 1088 1090; x_wconf 88' lang='lat' dir='ltr'><strong>complures</strong></span> <span class='ocrx_word' id='word_1_39' title='bbox 1103 1007 1264 1089; x_wconf 87' lang='lat' dir='ltr'><strong>licentias,</strong></span> <span class='ocrx_word' id='word_1_40' title='bbox 1287 1029 1368 1092; x_wconf 89' lang='lat' dir='ltr'><strong>quas</strong></span> <span class='ocrx_word' id='word_1_41' title='bbox 1390 1011 1425 1074; x_wconf 90' lang='lat' dir='ltr'><strong>in</strong></span> 
     </span>
     <span class='ocr_line' id='line_1_7' title="bbox 272 1105 1423 1192; baseline 0.003 -21"><span class='ocrx_word' id='word_1_42' title='bbox 272 1127 397 1192; x_wconf 87' lang='lat' dir='ltr'><strong>quaque</strong></span> <span class='ocrx_word' id='word_1_43' title='bbox 426 1111 595 1191; x_wconf 86' lang='lat' dir='ltr'><strong>separatas</strong></span> <span class='ocrx_word' id='word_1_44' title='bbox 623 1105 764 1190; x_wconf 86' lang='lat' dir='ltr'><strong>afferam,</strong></span> <span class='ocrx_word' id='word_1_45' title='bbox 799 1127 865 1172; x_wconf 90' lang='lat' dir='ltr'><strong>non</strong></span> <span class='ocrx_word' id='word_1_46' title='bbox 892 1107 1146 1190; x_wconf 81' lang='lat' dir='ltr'><strong>praepositionis</strong></span> <span class='ocrx_word' id='word_1_47' title='bbox 1181 1109 1328 1174; x_wconf 87' lang='lat' dir='ltr'><strong>detortas</strong></span> <span class='ocrx_word' id='word_1_48' title='bbox 1347 1107 1423 1192; x_wconf 70' lang='lat' dir='ltr'><strong>&#39;pra</strong></span> 
     </span>
     <span class='ocr_line' id='line_1_8' title="bbox 271 1204 1421 1292; baseline 0.002 -20"><span class='ocrx_word' id='word_1_49' title='bbox 271 1228 392 1292; x_wconf 82' lang='lat' dir='ltr'><strong>vasque</strong></span> <span class='ocrx_word' id='word_1_50' title='bbox 414 1205 561 1272; x_wconf 86' lang='lat' dir='ltr'><strong>rationes</strong></span> <span class='ocrx_word' id='word_1_51' title='bbox 590 1204 754 1272; x_wconf 85' lang='lat' dir='ltr'><strong>ducendas</strong></span> <span class='ocrx_word' id='word_1_52' title='bbox 787 1208 880 1289; x_wconf 87' lang='lat' dir='ltr'><strong>eique</strong></span> <span class='ocrx_word' id='word_1_53' title='bbox 904 1206 995 1288; x_wconf 89' lang='lat' dir='ltr'><strong>quasi</strong></span> <span class='ocrx_word' id='word_1_54' title='bbox 1018 1207 1097 1272; x_wconf 87' lang='lat' dir='ltr'><strong>vitio</strong></span> <span class='ocrx_word' id='word_1_55' title='bbox 1123 1208 1313 1278; x_wconf 82' lang='lat' dir='ltr'><strong>tribuendas</strong></span> <span class='ocrx_word' id='word_1_56' title='bbox 1335 1228 1421 1292; x_wconf 87' lang='lat' dir='ltr'><strong>esse,</strong></span> 
     </span>
     <span class='ocr_line' id='line_1_9' title="bbox 231 1304 1425 1390; baseline -0.003 -14"><span class='ocrx_word' id='word_1_57' title='bbox 231 1369 233 1376; x_wconf 80' lang='grc'>,</span> <span class='ocrx_word' id='word_1_58' title='bbox 272 1309 331 1373; x_wconf 86' lang='lat' dir='ltr'><strong>sed</strong></span> <span class='ocrx_word' id='word_1_59' title='bbox 353 1329 394 1374; x_wconf 80' lang='lat' dir='ltr'><strong>ex</strong></span> <span class='ocrx_word' id='word_1_60' title='bbox 416 1305 577 1372; x_wconf 87' lang='lat' dir='ltr'><strong>sentiendi</strong></span> <span class='ocrx_word' id='word_1_61' title='bbox 597 1304 857 1390; x_wconf 84' lang='lat' dir='ltr'><strong>imaginandique</strong></span> <span class='ocrx_word' id='word_1_62' title='bbox 880 1306 1047 1372; x_wconf 88' lang='lat' dir='ltr'><strong>celeritate</strong></span> <span class='ocrx_word' id='word_1_63' title='bbox 1066 1313 1162 1390; x_wconf 87' lang='lat' dir='ltr'><strong>atque</strong></span> <span class='ocrx_word' id='word_1_64' title='bbox 1185 1309 1323 1374; x_wconf 89' lang='lat' dir='ltr'><strong>audacia</strong></span> <span class='ocrx_word' id='word_1_65' title='bbox 1338 1316 1425 1374; x_wconf 89' lang='lat' dir='ltr'><strong>etex</strong></span> 
     </span>
     <span class='ocr_line' id='line_1_10' title="bbox 269 1406 1423 1490; baseline 0.001 -17"><span class='ocrx_word' id='word_1_66' title='bbox 269 1415 341 1474; x_wconf 91' lang='lat' dir='ltr'><strong>toto</strong></span> <span class='ocrx_word' id='word_1_67' title='bbox 365 1408 494 1472; x_wconf 89' lang='lat' dir='ltr'><strong>dicendi</strong></span> <span class='ocrx_word' id='word_1_68' title='bbox 520 1412 636 1476; x_wconf 83' lang='lat' dir='ltr'><strong>tenore</strong></span> <span class='ocrx_word' id='word_1_69' title='bbox 659 1406 699 1470; x_wconf 88' lang='lat' dir='ltr'><strong>ab</strong></span> <span class='ocrx_word' id='word_1_70' title='bbox 722 1407 853 1490; x_wconf 88' lang='lat' dir='ltr'><strong>antiqua</strong></span> <span class='ocrx_word' id='word_1_71' title='bbox 881 1407 1086 1490; x_wconf 80' lang='lat' dir='ltr'><strong>simplicitate</strong></span> <span class='ocrx_word' id='word_1_72' title='bbox 1109 1407 1233 1472; x_wconf 84' lang='lat' dir='ltr'><strong>deflexo</strong></span> <span class='ocrx_word' id='word_1_73' title='bbox 1254 1426 1423 1490; x_wconf 87' lang='lat' dir='ltr'><strong>perverso·</strong></span> 
     </span>
     <span class='ocr_line' id='line_1_11' title="bbox 272 1504 1424 1594; baseline -0.002 -22"><span class='ocrx_word' id='word_1_74' title='bbox 272 1530 333 1594; x_wconf 92' lang='lat' dir='ltr'><strong>que</strong></span> <span class='ocrx_word' id='word_1_75' title='bbox 357 1515 445 1574; x_wconf 87' lang='lat' dir='ltr'><strong>ortas</strong></span> <span class='ocrx_word' id='word_1_76' title='bbox 473 1506 534 1571; x_wconf 90' lang='lat' dir='ltr'><strong>toti</strong></span> <span class='ocrx_word' id='word_1_77' title='bbox 555 1504 695 1573; x_wconf 88' lang='lat' dir='ltr'><strong>orationi</strong></span> <span class='ocrx_word' id='word_1_78' title='bbox 722 1505 769 1569; x_wconf 87' lang='lat' dir='ltr'><strong>ita</strong></span> <span class='ocrx_word' id='word_1_79' title='bbox 793 1506 976 1572; x_wconf 87' lang='lat' dir='ltr'><strong>immutatae</strong></span> <span class='ocrx_word' id='word_1_80' title='bbox 998 1510 1095 1587; x_wconf 88' lang='lat' dir='ltr'><strong>atque</strong></span> <span class='ocrx_word' id='word_1_81' title='bbox 1123 1505 1170 1570; x_wconf 89' lang='lat' dir='ltr'><strong>illi</strong></span> <span class='ocrx_word' id='word_1_82' title='bbox 1189 1505 1322 1571; x_wconf 88' lang='lat' dir='ltr'><strong>innatae</strong></span> <span class='ocrx_word' id='word_1_83' title='bbox 1345 1509 1424 1572; x_wconf 86' lang='lat' dir='ltr'><strong>scri·</strong></span> 
     </span>
     <span class='ocr_line' id='line_1_12' title="bbox 271 1605 1426 1691; baseline -0.001 -20"><span class='ocrx_word' id='word_1_84' title='bbox 271 1607 374 1691; x_wconf 88' lang='lat' dir='ltr'><strong>pteris</strong></span> <span class='ocrx_word' id='word_1_85' title='bbox 397 1606 499 1672; x_wconf 88' lang='lat' dir='ltr'><strong>indoli</strong></span> <span class='ocrx_word' id='word_1_86' title='bbox 520 1625 592 1670; x_wconf 88' lang='lat' dir='ltr'><strong>esse</strong></span> <span class='ocrx_word' id='word_1_87' title='bbox 617 1605 750 1670; x_wconf 89' lang='lat' dir='ltr'><strong>dandas.</strong></span> <span class='ocrx_word' id='word_1_88' title='bbox 788 1605 837 1670; x_wconf 91' lang='lat' dir='ltr'><strong>De</strong></span> <span class='ocrx_word' id='word_1_89' title='bbox 861 1605 1112 1690; x_wconf 85' lang='lat' dir='ltr'><strong>siugulisautem</strong></span> <span class='ocrx_word' id='word_1_90' title='bbox 1133 1605 1180 1670; x_wconf 88' lang='lat' dir='ltr'><strong>ita</strong></span> <span class='ocrx_word' id='word_1_91' title='bbox 1202 1605 1367 1689; x_wconf 84' lang='lat' dir='ltr'><strong>disseram,</strong></span> <span class='ocrx_word' id='word_1_92' title='bbox 1389 1613 1426 1670; x_wconf 92' lang='lat' dir='ltr'><strong>ut</strong></span> 
     </span>
     <span class='ocr_line' id='line_1_13' title="bbox 269 1705 1422 1794; baseline 0.002 -23"><span class='ocrx_word' id='word_1_93' title='bbox 269 1709 402 1794; x_wconf 91' lang='lat' dir='ltr'><strong>primum</strong></span> <span class='ocrx_word' id='word_1_94' title='bbox 425 1706 599 1790; x_wconf 81' lang='lat' dir='ltr'><strong>aggrediar</strong></span> <span class='ocrx_word' id='word_1_95' title='bbox 620 1725 668 1788; x_wconf 88' lang='lat' dir='ltr'><strong>ea,</strong></span> <span class='ocrx_word' id='word_1_96' title='bbox 691 1725 772 1788; x_wconf 88' lang='lat' dir='ltr'><strong>quae</strong></span> <span class='ocrx_word' id='word_1_97' title='bbox 795 1713 940 1789; x_wconf 88' lang='lat' dir='ltr'><strong>quartum</strong></span> <span class='ocrx_word' id='word_1_98' title='bbox 969 1725 1086 1789; x_wconf 74' lang='lat' dir='ltr'><strong>casina,</strong></span> <span class='ocrx_word' id='word_1_99' title='bbox 1118 1705 1234 1770; x_wconf 86' lang='lat' dir='ltr'><strong>deinde</strong></span> <span class='ocrx_word' id='word_1_100' title='bbox 1258 1726 1308 1788; x_wconf 89' lang='lat' dir='ltr'><strong>ee,</strong></span> <span class='ocrx_word' id='word_1_101' title='bbox 1336 1727 1422 1789; x_wconf 88' lang='lat' dir='ltr'><strong>quac</strong></span> 
     </span>
     <span class='ocr_line' id='line_1_14' title="bbox 270 1805 665 1873; baseline -0.008 0"><span class='ocrx_word' id='word_1_102' title='bbox 270 1807 444 1873; x_wconf 87' lang='lat' dir='ltr'><strong>ablativum</strong></span> <span class='ocrx_word' id='word_1_103' title='bbox 467 1805 665 1871; x_wconf 88' lang='lat' dir='ltr'><strong>desiderant.</strong></span> 
     </span>
    </p>

    <p class='ocr_par' dir='ltr' id='par_1_4' title="bbox 256 1904 1428 4684">
     <span class='ocr_line' id='line_1_15' title="bbox 353 1904 1424 1990; baseline -0.002 -18"><span class='ocrx_word' id='word_1_104' title='bbox 353 1912 402 1972; x_wconf 80' lang='lat' dir='ltr'><strong>Ad</strong></span> <span class='ocrx_word' id='word_1_105' title='bbox 420 1904 564 1990; x_wconf 84' lang='lat' dir='ltr'><strong>legitime</strong></span> <span class='ocrx_word' id='word_1_106' title='bbox 585 1905 647 1970; x_wconf 87' lang='lat' dir='ltr'><strong>sed</strong></span> <span class='ocrx_word' id='word_1_107' title='bbox 664 1906 793 1972; x_wconf 87' lang='lat' dir='ltr'><strong>brevius</strong></span> <span class='ocrx_word' id='word_1_108' title='bbox 815 1906 935 1971; x_wconf 88' lang='lat' dir='ltr'><strong>dictum</strong></span> <span class='ocrx_word' id='word_1_109' title='bbox 957 1913 1008 1972; x_wconf 90' lang='lat' dir='ltr'><strong>est</strong></span> <span class='ocrx_word' id='word_1_110' title='bbox 1027 1909 1089 1990; x_wconf 82' lang='lat' dir='ltr'><strong>Ap.</strong></span> <span class='ocrx_word' id='word_1_111' title='bbox 1109 1909 1171 1974; x_wconf 84' lang='grc'><strong>468</strong></span> <span class='ocrx_word' id='word_1_112' title='bbox 1197 1905 1274 1970; x_wconf 67' lang='lat' dir='ltr'><strong>ueta</strong></span> <span class='ocrx_word' id='word_1_113' title='bbox 1298 1917 1360 1970; x_wconf 84' lang='lat' dir='ltr'><strong>tum</strong></span> <span class='ocrx_word' id='word_1_114' title='bbox 1378 1908 1424 1970; x_wconf 69' lang='grc' dir='ltr'><strong>ἐνι-</strong></span> 
     </span>
     <span class='ocr_line' id='line_1_16' title="bbox 268 2006 1428 2092; baseline -0.003 -20"><span class='ocrx_word' id='word_1_115' title='bbox 268 2009 396 2072; x_wconf 71' lang='lat' dir='ltr'><strong>bociam</strong></span> <span class='ocrx_word' id='word_1_116' title='bbox 416 2008 488 2092; x_wconf 72' lang='lat' dir='ltr'><strong>queit</strong></span> <span class='ocrx_word' id='word_1_117' title='bbox 503 2009 600 2092; x_wconf 76' lang='lat' dir='ltr'><strong>possit</strong></span> <span class='ocrx_word' id='word_1_118' title='bbox 619 2006 661 2070; x_wconf 86' lang='lat' dir='ltr'><strong>od</strong></span> <span class='ocrx_word' id='word_1_119' title='bbox 687 2007 897 2070; x_wconf 63' lang='lat' dir='ltr'><strong>testitudinem</strong></span> <span class='ocrx_word' id='word_1_120' title='bbox 923 2007 1053 2092; x_wconf 77' lang='lat' dir='ltr'><strong>e&#39;rrtellipr&#39;.</strong></span> <span class='ocrx_word' id='word_1_121' title='bbox 1086 2009 1129 2074; x_wconf 88' lang='lat' dir='ltr'><strong>ib.</strong></span> <span class='ocrx_word' id='word_1_122' title='bbox 1148 2009 1211 2072; x_wconf 82' lang='lat'><strong>510</strong></span> <span class='ocrx_word' id='word_1_123' title='bbox 1241 2008 1341 2070; x_wconf 74' lang='lat' dir='ltr'><strong>meiius</strong></span> <span class='ocrx_word' id='word_1_124' title='bbox 1360 2008 1428 2091; x_wconf 78' lang='lat' dir='ltr'><strong>spei</strong></span> 
     </span>
     <span class='ocr_line' id='line_1_17' title="bbox 270 2103 1424 2192; baseline -0.001 -21"><span class='ocrx_word' id='word_1_125' title='bbox 270 2109 310 2172; x_wconf 87' lang='lat' dir='ltr'><strong>od</strong></span> <span class='ocrx_word' id='word_1_126' title='bbox 329 2108 487 2170; x_wconf 74' lang='lat' dir='ltr'><strong>scariotem</strong></span> <span class='ocrx_word' id='word_1_127' title='bbox 514 2107 693 2192; x_wconf 72' lang='lat' dir='ltr'><strong>rclrbqauat.</strong></span> <span class='ocrx_word' id='word_1_128' title='bbox 723 2104 765 2168; x_wconf 89' lang='lat' dir='ltr'><strong>M.</strong></span> <span class='ocrx_word' id='word_1_129' title='bbox 786 2103 812 2170; x_wconf 84' lang='grc' dir='ltr'><strong>Ι.</strong></span> <span class='ocrx_word' id='word_1_130' title='bbox 828 2105 869 2169; x_wconf 90' lang='grc'><strong>28</strong></span> <span class='ocrx_word' id='word_1_131' title='bbox 886 2126 983 2190; x_wconf 81' lang='lat' dir='ltr'><strong>paene</strong></span> <span class='ocrx_word' id='word_1_132' title='bbox 1003 2107 1090 2171; x_wconf 76' lang='lat' dir='ltr'><strong>eleba.</strong></span> <span class='ocrx_word' id='word_1_133' title='bbox 1103 2108 1204 2171; x_wconf 83' lang='lat' dir='ltr'><strong>lurore</strong></span> <span class='ocrx_word' id='word_1_134' title='bbox 1224 2106 1266 2169; x_wconf 82' lang='lat' dir='ltr'><strong>ud</strong></span> <span class='ocrx_word' id='word_1_135' title='bbox 1283 2108 1424 2170; x_wconf 64' lang='lat' dir='ltr'><strong>macram</strong></span> 
     </span>
     <span class='ocr_line' id='line_1_18' title="bbox 268 2203 1423 2292; baseline 0 -21"><span class='ocrx_word' id='word_1_136' title='bbox 268 2213 393 2273; x_wconf 67' lang='lat' dir='ltr'><strong>meacm</strong></span> <span class='ocrx_word' id='word_1_137' title='bbox 416 2207 613 2292; x_wconf 75' lang='lat' dir='ltr'><strong>deformatus:</strong></span> <span class='ocrx_word' id='word_1_138' title='bbox 636 2203 722 2288; x_wconf 90' lang='lat' dir='ltr'><strong>quod</strong></span> <span class='ocrx_word' id='word_1_139' title='bbox 744 2203 839 2268; x_wconf 89' lang='lat' dir='ltr'><strong>aliter</strong></span> <span class='ocrx_word' id='word_1_140' title='bbox 861 2210 912 2270; x_wconf 89' lang='lat' dir='ltr'><strong>est</strong></span> <span class='ocrx_word' id='word_1_141' title='bbox 934 2213 1029 2288; x_wconf 87' lang='lat' dir='ltr'><strong>atque</strong></span> <span class='ocrx_word' id='word_1_142' title='bbox 1051 2207 1243 2274; x_wconf 86' lang='lat' dir='ltr'><strong>insolentius</strong></span> <span class='ocrx_word' id='word_1_143' title='bbox 1266 2226 1361 2288; x_wconf 89' lang='lat' dir='ltr'><strong>quam</strong></span> <span class='ocrx_word' id='word_1_144' title='bbox 1379 2205 1423 2272; x_wconf 89' lang='grc' dir='ltr'><strong>Μ.</strong></span> 
     </span>
     <span class='ocr_line' id='line_1_19' title="bbox 268 2302 1421 2390; baseline -0.002 -20"><span class='ocrx_word' id='word_1_145' title='bbox 268 2307 327 2372; x_wconf 88' lang='lat' dir='ltr'><strong>XI.</strong></span> <span class='ocrx_word' id='word_1_146' title='bbox 342 2309 403 2373; x_wconf 80' lang='grc'><strong>784</strong></span> <span class='ocrx_word' id='word_1_147' title='bbox 422 2305 593 2388; x_wconf 79' lang='lat' dir='ltr'><strong>reformavit</strong></span> <span class='ocrx_word' id='word_1_148' title='bbox 613 2305 654 2368; x_wconf 85' lang='lat' dir='ltr'><strong>ed</strong></span> <span class='ocrx_word' id='word_1_149' title='bbox 674 2305 814 2377; x_wconf 74' lang='lat' dir='ltr'><strong>tumebas.</strong></span> <span class='ocrx_word' id='word_1_150' title='bbox 847 2302 1042 2388; x_wconf 87' lang='lat' dir='ltr'><strong>Quamquam</strong></span> <span class='ocrx_word' id='word_1_151' title='bbox 1063 2326 1123 2389; x_wconf 87' lang='lat' dir='ltr'><strong>pro</strong></span> <span class='ocrx_word' id='word_1_152' title='bbox 1151 2324 1271 2390; x_wconf 91' lang='lat' dir='ltr'><strong>„usque</strong></span> <span class='ocrx_word' id='word_1_153' title='bbox 1293 2305 1356 2370; x_wconf 89' lang='lat' dir='ltr'><strong>ad“</strong></span> <span class='ocrx_word' id='word_1_154' title='bbox 1378 2325 1421 2368; x_wconf 91' lang='lat' dir='ltr'><strong>ne</strong></span> 
     </span>
     <span class='ocr_line' id='line_1_20' title="bbox 268 2404 1422 2490; baseline 0 -20"><span class='ocrx_word' id='word_1_155' title='bbox 268 2407 454 2482; x_wconf 88' lang='lat' dir='ltr'><strong>melioribus</strong></span> <span class='ocrx_word' id='word_1_156' title='bbox 477 2404 605 2490; x_wconf 89' lang='lat' dir='ltr'><strong>quidem</strong></span> <span class='ocrx_word' id='word_1_157' title='bbox 626 2404 837 2487; x_wconf 85' lang='lat' dir='ltr'><strong>scriptoribus</strong></span> <span class='ocrx_word' id='word_1_158' title='bbox 859 2405 1047 2471; x_wconf 88' lang='lat' dir='ltr'><strong>inusitatum</strong></span> <span class='ocrx_word' id='word_1_159' title='bbox 1073 2413 1134 2490; x_wconf 90' lang='lat' dir='ltr'><strong>est,</strong></span> <span class='ocrx_word' id='word_1_160' title='bbox 1161 2413 1269 2470; x_wconf 90' lang='lat' dir='ltr'><strong>tamen</strong></span> <span class='ocrx_word' id='word_1_161' title='bbox 1292 2406 1326 2470; x_wconf 94' lang='lat' dir='ltr'><strong>hi</strong></span> <span class='ocrx_word' id='word_1_162' title='bbox 1347 2425 1422 2470; x_wconf 92' lang='lat' dir='ltr'><strong>con·</strong></span> 
     </span>
     <span class='ocr_line' id='line_1_21' title="bbox 269 2501 1422 2594; baseline -0.001 -25"><span class='ocrx_word' id='word_1_163' title='bbox 269 2506 416 2570; x_wconf 88' lang='lat' dir='ltr'><strong>ferantur</strong></span> <span class='ocrx_word' id='word_1_164' title='bbox 433 2501 498 2570; x_wconf 88' lang='lat' dir='ltr'><strong>loci</strong></span> <span class='ocrx_word' id='word_1_165' title='bbox 518 2504 748 2594; x_wconf 83' lang='lat' dir='ltr'><strong>memoratione</strong></span> <span class='ocrx_word' id='word_1_166' title='bbox 771 2505 860 2588; x_wconf 87' lang='lat' dir='ltr'><strong>digni</strong></span> <span class='ocrx_word' id='word_1_167' title='bbox 881 2501 922 2568; x_wconf 86' lang='lat' dir='ltr'><strong>M.</strong></span> <span class='ocrx_word' id='word_1_168' title='bbox 936 2504 995 2571; x_wconf 85' lang='lat' dir='ltr'><strong>IX.</strong></span> <span class='ocrx_word' id='word_1_169' title='bbox 1006 2506 1065 2570; x_wconf 79' lang='lat'><strong>661</strong></span> <span class='ocrx_word' id='word_1_170' title='bbox 1094 2506 1135 2570; x_wconf 86' lang='lat' dir='ltr'><strong>ad</strong></span> <span class='ocrx_word' id='word_1_171' title='bbox 1154 2519 1318 2570; x_wconf 66' lang='lat' dir='ltr'><strong>ereremum</strong></span> <span class='ocrx_word' id='word_1_172' title='bbox 1341 2527 1422 2569; x_wconf 79' lang='lat' dir='ltr'><strong>oceu-</strong></span> 
     </span>
     <span class='ocr_line' id='line_1_22' title="bbox 268 2604 1421 2692; baseline -0.003 -22"><span class='ocrx_word' id='word_1_173' title='bbox 268 2609 351 2671; x_wconf 81' lang='lat' dir='ltr'><strong>eium</strong></span> <span class='ocrx_word' id='word_1_174' title='bbox 364 2627 471 2670; x_wconf 84' lang='lat' dir='ltr'><strong>vecors.</strong></span> <span class='ocrx_word' id='word_1_175' title='bbox 487 2606 529 2670; x_wconf 85' lang='lat' dir='ltr'><strong>ib.</strong></span> <span class='ocrx_word' id='word_1_176' title='bbox 545 2604 605 2670; x_wconf 78' lang='lat'><strong>658</strong></span> <span class='ocrx_word' id='word_1_177' title='bbox 616 2604 657 2668; x_wconf 84' lang='lat' dir='ltr'><strong>ad</strong></span> <span class='ocrx_word' id='word_1_178' title='bbox 666 2615 831 2668; x_wconf 74' lang='lat' dir='ltr'><strong>extremam</strong></span> <span class='ocrx_word' id='word_1_179' title='bbox 844 2615 993 2692; x_wconf 81' lang='lat' dir='ltr'><strong>stuporem</strong></span> <span class='ocrx_word' id='word_1_180' title='bbox 1007 2604 1170 2670; x_wconf 82' lang='lat' dir='ltr'><strong>dee&#39;eceraat</strong></span> <span class='ocrx_word' id='word_1_181' title='bbox 1184 2607 1309 2673; x_wconf 67' lang='lat' dir='ltr'><strong>anemos.</strong></span> <span class='ocrx_word' id='word_1_182' title='bbox 1330 2606 1421 2672; x_wconf 84' lang='lat' dir='ltr'><strong>VIII.</strong></span> 
     </span>
     <span class='ocr_line' id='line_1_23' title="bbox 267 2702 1419 2792; baseline -0.003 -20"><span class='ocrx_word' id='word_1_183' title='bbox 267 2706 329 2772; x_wconf 80' lang='grc'><strong>588</strong></span> <span class='ocrx_word' id='word_1_184' title='bbox 344 2727 441 2792; x_wconf 74' lang='lat' dir='ltr'><strong>poetae</strong></span> <span class='ocrx_word' id='word_1_185' title='bbox 461 2704 502 2769; x_wconf 81' lang='lat' dir='ltr'><strong>ad</strong></span> <span class='ocrx_word' id='word_1_186' title='bbox 525 2715 689 2768; x_wconf 73' lang='lat' dir='ltr'><strong>extremam</strong></span> <span class='ocrx_word' id='word_1_187' title='bbox 709 2705 893 2788; x_wconf 76' lang='lat' dir='ltr'><strong>consererent</strong></span> <span class='ocrx_word' id='word_1_188' title='bbox 912 2715 1045 2769; x_wconf 75' lang='lat' dir='ltr'><strong>mortem,</strong></span> <span class='ocrx_word' id='word_1_189' title='bbox 1066 2702 1108 2772; x_wconf 86' lang='lat' dir='ltr'><strong>ib.</strong></span> <span class='ocrx_word' id='word_1_190' title='bbox 1129 2704 1191 2770; x_wconf 83' lang='lat'><strong>539</strong></span> <span class='ocrx_word' id='word_1_191' title='bbox 1211 2706 1298 2774; x_wconf 70' lang='lat' dir='ltr'><strong>facile</strong></span> <span class='ocrx_word' id='word_1_192' title='bbox 1317 2706 1419 2790; x_wconf 78' lang='lat' dir='ltr'><strong>sepeli·</strong></span> 
     </span>
     <span class='ocr_line' id='line_1_24' title="bbox 267 2803 1418 2887; baseline -0.002 -17"><span class='ocrx_word' id='word_1_193' title='bbox 267 2808 310 2870; x_wconf 79' lang='lat' dir='ltr'><strong>eit</strong></span> <span class='ocrx_word' id='word_1_194' title='bbox 331 2805 373 2869; x_wconf 80' lang='lat' dir='ltr'><strong>ud</strong></span> <span class='ocrx_word' id='word_1_195' title='bbox 392 2824 543 2875; x_wconf 79' lang='lat' dir='ltr'><strong>somnam:</strong></span> <span class='ocrx_word' id='word_1_196' title='bbox 566 2805 684 2870; x_wconf 86' lang='lat' dir='ltr'><strong>deinde</strong></span> <span class='ocrx_word' id='word_1_197' title='bbox 705 2803 874 2886; x_wconf 89' lang='lat' dir='ltr'><strong>temporali</strong></span> <span class='ocrx_word' id='word_1_198' title='bbox 896 2821 994 2868; x_wconf 86' lang='lat' dir='ltr'><strong>sensu</strong></span> <span class='ocrx_word' id='word_1_199' title='bbox 1012 2805 1075 2887; x_wconf 84' lang='lat' dir='ltr'><strong>Ap.</strong></span> <span class='ocrx_word' id='word_1_200' title='bbox 1090 2804 1152 2868; x_wconf 79' lang='lat'><strong>524</strong></span> <span class='ocrx_word' id='word_1_201' title='bbox 1166 2816 1228 2868; x_wconf 84' lang='lat' dir='ltr'><strong>tum</strong></span> <span class='ocrx_word' id='word_1_202' title='bbox 1241 2804 1295 2868; x_wconf 79' lang='lat' dir='ltr'><strong>die</strong></span> <span class='ocrx_word' id='word_1_203' title='bbox 1309 2804 1352 2868; x_wconf 80' lang='lat' dir='ltr'><strong>ad</strong></span> <span class='ocrx_word' id='word_1_204' title='bbox 1365 2804 1418 2868; x_wconf 81' lang='lat' dir='ltr'><strong>ud·</strong></span> 
     </span>
     <span class='ocr_line' id='line_1_25' title="bbox 268 2901 1421 2988; baseline -0.002 -19"><span class='ocrx_word' id='word_1_205' title='bbox 268 2916 387 2969; x_wconf 79' lang='lat' dir='ltr'><strong>beatam</strong></span> <span class='ocrx_word' id='word_1_206' title='bbox 411 2901 515 2968; x_wconf 80' lang='lat' dir='ltr'><strong>Crassi</strong></span> <span class='ocrx_word' id='word_1_207' title='bbox 532 2916 714 2968; x_wconf 66' lang='lat' dir='ltr'><strong>mansurent.</strong></span> <span class='ocrx_word' id='word_1_208' title='bbox 736 2904 779 2968; x_wconf 90' lang='lat' dir='ltr'><strong>ib.</strong></span> <span class='ocrx_word' id='word_1_209' title='bbox 799 2903 861 2968; x_wconf 79' lang='lat'><strong>518</strong></span> <span class='ocrx_word' id='word_1_210' title='bbox 882 2903 925 2966; x_wconf 86' lang='lat' dir='ltr'><strong>eol</strong></span> <span class='ocrx_word' id='word_1_211' title='bbox 941 2901 996 2966; x_wconf 80' lang='lat' dir='ltr'><strong>boc</strong></span> <span class='ocrx_word' id='word_1_212' title='bbox 1017 2906 1084 2966; x_wconf 82' lang='lat' dir='ltr'><strong>ceci</strong></span> <span class='ocrx_word' id='word_1_213' title='bbox 1098 2901 1245 2988; x_wconf 80' lang='lat' dir='ltr'><strong>(symm)</strong></span> <span class='ocrx_word' id='word_1_214' title='bbox 1264 2904 1421 2986; x_wconf 83' lang='lat' dir='ltr'><strong>Alteram,</strong></span> 
     </span>
     <span class='ocr_line' id='line_1_26' title="bbox 268 3001 1421 3087; baseline -0.002 -19"><span class='ocrx_word' id='word_1_215' title='bbox 268 3004 484 3068; x_wconf 88' lang='lat' dir='ltr'><strong>recentiorum</strong></span> <span class='ocrx_word' id='word_1_216' title='bbox 505 3010 628 3068; x_wconf 88' lang='lat' dir='ltr'><strong>tantum</strong></span> <span class='ocrx_word' id='word_1_217' title='bbox 662 3004 791 3086; x_wconf 81' lang='lat' dir='ltr'><strong>(lustin.</strong></span> <span class='ocrx_word' id='word_1_218' title='bbox 819 3001 921 3087; x_wconf 74' lang='lat' dir='ltr'><strong>Flos.)</strong></span> <span class='ocrx_word' id='word_1_219' title='bbox 947 3005 1112 3087; x_wconf 85' lang='lat' dir='ltr'><strong>propriam</strong></span> <span class='ocrx_word' id='word_1_220' title='bbox 1130 3003 1343 3086; x_wconf 89' lang='lat' dir='ltr'><strong>temporalem</strong></span> <span class='ocrx_word' id='word_1_221' title='bbox 1364 3023 1421 3066; x_wconf 89' lang='lat' dir='ltr'><strong>no·</strong></span> 
     </span>
     <span class='ocr_line' id='line_1_27' title="bbox 269 3096 1422 3188; baseline -0.002 -20"><span class='ocrx_word' id='word_1_222' title='bbox 269 3105 392 3168; x_wconf 88' lang='lat' dir='ltr'><strong>tionem</strong></span> <span class='ocrx_word' id='word_1_223' title='bbox 413 3103 512 3168; x_wconf 89' lang='lat' dir='ltr'><strong>habet</strong></span> <span class='ocrx_word' id='word_1_224' title='bbox 535 3104 576 3168; x_wconf 85' lang='lat' dir='ltr'><strong>ud</strong></span> <span class='ocrx_word' id='word_1_225' title='bbox 598 3096 711 3188; x_wconf 77' lang='lat' dir='ltr'><strong>tempas</strong></span> <span class='ocrx_word' id='word_1_226' title='bbox 734 3103 819 3184; x_wconf 91' lang='lat' dir='ltr'><strong>quod</strong></span> <span class='ocrx_word' id='word_1_227' title='bbox 847 3122 921 3177; x_wconf 90' lang='lat' dir='ltr'><strong>non,</strong></span> <span class='ocrx_word' id='word_1_228' title='bbox 944 3109 980 3166; x_wconf 89' lang='lat' dir='ltr'><strong>ut</strong></span> <span class='ocrx_word' id='word_1_229' title='bbox 996 3101 1082 3185; x_wconf 89' lang='lat' dir='ltr'><strong>apud</strong></span> <span class='ocrx_word' id='word_1_230' title='bbox 1101 3101 1301 3179; x_wconf 76' lang='lat' dir='ltr'><strong>Ciceronem,</strong></span> <span class='ocrx_word' id='word_1_231' title='bbox 1324 3103 1422 3186; x_wconf 85' lang='lat' dir='ltr'><strong>signi·</strong></span> 
     </span>
     <span class='ocr_line' id='line_1_28' title="bbox 268 3200 1422 3286; baseline 0 -20"><span class='ocrx_word' id='word_1_232' title='bbox 268 3203 347 3266; x_wconf 91' lang='lat' dir='ltr'><strong>ficat</strong></span> <span class='ocrx_word' id='word_1_233' title='bbox 366 3201 410 3284; x_wconf 87' lang='lat' dir='ltr'><strong>id,</strong></span> <span class='ocrx_word' id='word_1_234' title='bbox 433 3203 519 3286; x_wconf 89' lang='lat' dir='ltr'><strong>quod</strong></span> <span class='ocrx_word' id='word_1_235' title='bbox 540 3208 667 3286; x_wconf 88' lang='lat' dir='ltr'><strong>tempus</strong></span> <span class='ocrx_word' id='word_1_236' title='bbox 686 3200 832 3286; x_wconf 89' lang='lat' dir='ltr'><strong>postulat</strong></span> <span class='ocrx_word' id='word_1_237' title='bbox 854 3202 923 3266; x_wconf 89' lang='lat' dir='ltr'><strong>sive</strong></span> <span class='ocrx_word' id='word_1_238' title='bbox 937 3202 1092 3284; x_wconf 80' lang='lat' dir='ltr'><strong>temporis</strong></span> <span class='ocrx_word' id='word_1_239' title='bbox 1114 3203 1179 3266; x_wconf 88' lang='lat' dir='ltr'><strong>fert</strong></span> <span class='ocrx_word' id='word_1_240' title='bbox 1193 3203 1346 3280; x_wconf 89' lang='lat' dir='ltr'><strong>conditio,</strong></span> <span class='ocrx_word' id='word_1_241' title='bbox 1362 3203 1422 3268; x_wconf 87' lang='lat' dir='ltr'><strong>sed</strong></span> 
     </span>
     <span class='ocr_line' id='line_1_29' title="bbox 274 3300 1423 3386; baseline 0.001 -21"><span class='ocrx_word' id='word_1_242' title='bbox 274 3302 360 3386; x_wconf 89' lang='lat' dir='ltr'><strong>quod</strong></span> <span class='ocrx_word' id='word_1_243' title='bbox 380 3303 443 3366; x_wconf 90' lang='lat' dir='ltr'><strong>hoc</strong></span> <span class='ocrx_word' id='word_1_244' title='bbox 464 3303 537 3385; x_wconf 86' lang='lat' dir='ltr'><strong>ipso</strong></span> <span class='ocrx_word' id='word_1_245' title='bbox 560 3308 706 3386; x_wconf 89' lang='lat' dir='ltr'><strong>tempore</strong></span> <span class='ocrx_word' id='word_1_246' title='bbox 739 3307 793 3366; x_wconf 88' lang='lat' dir='ltr'><strong>ant</strong></span> <span class='ocrx_word' id='word_1_247' title='bbox 818 3301 861 3364; x_wconf 89' lang='lat' dir='ltr'><strong>ad</strong></span> <span class='ocrx_word' id='word_1_248' title='bbox 881 3319 1043 3386; x_wconf 38' lang='lat' dir='ltr'><strong>praesens,</strong></span> <span class='ocrx_word' id='word_1_249' title='bbox 1065 3303 1109 3384; x_wconf 84' lang='lat' dir='ltr'><strong>fit,</strong></span> <span class='ocrx_word' id='word_1_250' title='bbox 1138 3312 1174 3368; x_wconf 89' lang='lat' dir='ltr'><strong>ut</strong></span> <span class='ocrx_word' id='word_1_251' title='bbox 1190 3305 1252 3384; x_wconf 84' lang='lat' dir='ltr'><strong>Ap.</strong></span> <span class='ocrx_word' id='word_1_252' title='bbox 1266 3300 1328 3366; x_wconf 77' lang='lat'><strong>517</strong></span> <span class='ocrx_word' id='word_1_253' title='bbox 1361 3301 1423 3368; x_wconf 86' lang='lat' dir='ltr'><strong>Nec</strong></span> 
     </span>
     <span class='ocr_line' id='line_1_30' title="bbox 269 3399 1422 3492; baseline -0.002 -26"><span class='ocrx_word' id='word_1_254' title='bbox 269 3402 386 3466; x_wconf 75' lang='lat' dir='ltr'><strong>beced</strong></span> <span class='ocrx_word' id='word_1_255' title='bbox 399 3413 512 3487; x_wconf 81' lang='lat' dir='ltr'><strong>tempus</strong></span> <span class='ocrx_word' id='word_1_256' title='bbox 532 3422 684 3486; x_wconf 78' lang='lat' dir='ltr'><strong>comporto,</strong></span> <span class='ocrx_word' id='word_1_257' title='bbox 706 3401 758 3465; x_wconf 84' lang='lat' dir='ltr'><strong>sed</strong></span> <span class='ocrx_word' id='word_1_258' title='bbox 774 3399 1123 3486; x_wconf 74' lang='lat' dir='ltr'><strong>ublebcseretrrenm&#39;um</strong></span> <span class='ocrx_word' id='word_1_259' title='bbox 1137 3415 1187 3476; x_wconf 79' lang='lat' dir='ltr'><strong>est,</strong></span> <span class='ocrx_word' id='word_1_260' title='bbox 1208 3421 1322 3492; x_wconf 71' lang='lat' dir='ltr'><strong>quam.</strong></span> <span class='ocrx_word' id='word_1_261' title='bbox 1344 3451 1351 3468; x_wconf 89' lang='lat'><strong>.</strong></span> <span class='ocrx_word' id='word_1_262' title='bbox 1373 3422 1422 3465; x_wconf 84' lang='lat' dir='ltr'><strong>ea·</strong></span> 
     </span>
     <span class='ocr_line' id='line_1_31' title="bbox 269 3501 1420 3586; baseline 0.003 -22"><span class='ocrx_word' id='word_1_263' title='bbox 269 3502 334 3564; x_wconf 83' lang='lat' dir='ltr'><strong>dem</strong></span> <span class='ocrx_word' id='word_1_264' title='bbox 356 3503 649 3586; x_wconf 65' lang='lat' dir='ltr'><strong>illapraemonita</strong></span> <span class='ocrx_word' id='word_1_265' title='bbox 692 3501 885 3568; x_wconf 62' lang='lat' dir='ltr'><strong>laevioribus</strong></span> <span class='ocrx_word' id='word_1_266' title='bbox 908 3501 1036 3566; x_wconf 90' lang='lat' dir='ltr'><strong>omissis</strong></span> <span class='ocrx_word' id='word_1_267' title='bbox 1059 3502 1226 3584; x_wconf 83' lang='lat' dir='ltr'><strong>exemplis,</strong></span> <span class='ocrx_word' id='word_1_268' title='bbox 1249 3502 1283 3566; x_wconf 88' lang='lat' dir='ltr'><strong>in</strong></span> <span class='ocrx_word' id='word_1_269' title='bbox 1306 3502 1420 3585; x_wconf 91' lang='lat' dir='ltr'><strong>quibus</strong></span> 
     </span>
     <span class='ocr_line' id='line_1_32' title="bbox 270 3600 1423 3689; baseline 0 -25"><span class='ocrx_word' id='word_1_270' title='bbox 270 3602 424 3684; x_wconf 89' lang='lat' dir='ltr'><strong>simplicis</strong></span> <span class='ocrx_word' id='word_1_271' title='bbox 447 3602 517 3665; x_wconf 89' lang='lat' dir='ltr'><strong>fere</strong></span> <span class='ocrx_word' id='word_1_272' title='bbox 540 3619 634 3666; x_wconf 90' lang='lat' dir='ltr'><strong>casus</strong></span> <span class='ocrx_word' id='word_1_273' title='bbox 656 3601 781 3668; x_wconf 81' lang='lat' dir='ltr'><strong>vicibus</strong></span> <span class='ocrx_word' id='word_1_274' title='bbox 803 3602 947 3689; x_wconf 79' lang='lat' dir='ltr'><strong>fungitur</strong></span> <span class='ocrx_word' id='word_1_275' title='bbox 973 3601 1093 3682; x_wconf 89' lang='lat' dir='ltr'><strong>(Mund.</strong></span> <span class='ocrx_word' id='word_1_276' title='bbox 1109 3600 1171 3666; x_wconf 82' lang='lat'><strong>352</strong></span> <span class='ocrx_word' id='word_1_277' title='bbox 1190 3602 1361 3666; x_wconf 66' lang='lat' dir='ltr'><strong>remissicae</strong></span> <span class='ocrx_word' id='word_1_278' title='bbox 1381 3601 1423 3664; x_wconf 81' lang='lat' dir='ltr'><strong>ud</strong></span> 
     </span>
     <span class='ocr_line' id='line_1_33' title="bbox 268 3687 1424 3786; baseline 0 -22"><span class='ocrx_word' id='word_1_279' title='bbox 268 3713 381 3766; x_wconf 80' lang='lat' dir='ltr'><strong>motum</strong></span> <span class='ocrx_word' id='word_1_280' title='bbox 402 3704 484 3764; x_wconf 81' lang='lat' dir='ltr'><strong>duta.</strong></span> <span class='ocrx_word' id='word_1_281' title='bbox 506 3695 631 3782; x_wconf 56' lang='lat' dir='ltr'><strong>Apum</strong></span> <span class='ocrx_word' id='word_1_282' title='bbox 650 3702 722 3786; x_wconf 77' lang='lat' dir='ltr'><strong>quali</strong></span> <span class='ocrx_word' id='word_1_283' title='bbox 742 3687 781 3764; x_wconf 71' lang='lat' dir='ltr'><strong>aa</strong></span> <span class='ocrx_word' id='word_1_284' title='bbox 801 3703 866 3765; x_wconf 78' lang='lat' dir='ltr'><strong>e&#39;sta&#39;a</strong></span> <span class='ocrx_word' id='word_1_285' title='bbox 887 3701 963 3764; x_wconf 74' lang='lat' dir='ltr'><strong>audi</strong></span> <span class='ocrx_word' id='word_1_286' title='bbox 980 3701 1026 3764; x_wconf 86' lang='lat' dir='ltr'><strong>uel</strong></span> <span class='ocrx_word' id='word_1_287' title='bbox 1045 3701 1145 3764; x_wconf 80' lang='lat' dir='ltr'><strong>minui</strong></span> <span class='ocrx_word' id='word_1_288' title='bbox 1162 3701 1204 3764; x_wconf 86' lang='lat' dir='ltr'><strong>od</strong></span> <span class='ocrx_word' id='word_1_289' title='bbox 1218 3701 1357 3764; x_wconf 80' lang='lat' dir='ltr'><strong>virtutem</strong></span> <span class='ocrx_word' id='word_1_290' title='bbox 1376 3701 1424 3766; x_wconf 82' lang='lat' dir='ltr'><strong>cel</strong></span> 
     </span>
     <span class='ocr_line' id='line_1_34' title="bbox 256 3797 1421 3887; baseline 0.002 -23"><span class='ocrx_word' id='word_1_291' title='bbox 256 3797 416 3865; x_wconf 74' lang='lat' dir='ltr'><strong>&#39;meletium</strong></span> <span class='ocrx_word' id='word_1_292' title='bbox 431 3798 560 3887; x_wconf 71' lang='lat' dir='ltr'><strong>puteali)</strong></span> <span class='ocrx_word' id='word_1_293' title='bbox 593 3799 672 3865; x_wconf 85' lang='lat' dir='ltr'><strong>illud</strong></span> <span class='ocrx_word' id='word_1_294' title='bbox 699 3801 740 3867; x_wconf 89' lang='lat' dir='ltr'><strong>ad</strong></span> <span class='ocrx_word' id='word_1_295' title='bbox 761 3805 919 3884; x_wconf 86' lang='lat' dir='ltr'><strong>notamus,</strong></span> <span class='ocrx_word' id='word_1_296' title='bbox 951 3801 1037 3884; x_wconf 90' lang='lat' dir='ltr'><strong>quod</strong></span> <span class='ocrx_word' id='word_1_297' title='bbox 1059 3800 1259 3866; x_wconf 86' lang='lat' dir='ltr'><strong>Graecorum</strong></span> <span class='ocrx_word' id='word_1_298' title='bbox 1277 3797 1352 3864; x_wconf 83' lang='grc' dir='ltr'>κατὰ</span> <span class='ocrx_word' id='word_1_299' title='bbox 1371 3819 1421 3866; x_wconf 87' lang='lat' dir='ltr'><strong>re·</strong></span> 
     </span>
     <span class='ocr_line' id='line_1_35' title="bbox 268 3898 1420 3985; baseline 0 -19"><span class='ocrx_word' id='word_1_300' title='bbox 268 3903 435 3985; x_wconf 88' lang='lat' dir='ltr'><strong>spondens</strong></span> <span class='ocrx_word' id='word_1_301' title='bbox 459 3898 629 3966; x_wconf 87' lang='lat' dir='ltr'><strong>adiectivis</strong></span> <span class='ocrx_word' id='word_1_302' title='bbox 651 3900 755 3984; x_wconf 86' lang='lat' dir='ltr'><strong>iungit</strong></span> <span class='ocrx_word' id='word_1_303' title='bbox 777 3901 916 3984; x_wconf 87' lang='lat' dir='ltr'><strong>nomina,</strong></span> <span class='ocrx_word' id='word_1_304' title='bbox 944 3920 1028 3984; x_wconf 88' lang='lat' dir='ltr'><strong>quae</strong></span> <span class='ocrx_word' id='word_1_305' title='bbox 1050 3921 1160 3968; x_wconf 86' lang='lat' dir='ltr'><strong>eorum</strong></span> <span class='ocrx_word' id='word_1_306' title='bbox 1180 3901 1345 3966; x_wconf 87' lang='lat' dir='ltr'><strong>notionem</strong></span> <span class='ocrx_word' id='word_1_307' title='bbox 1366 3903 1420 3966; x_wconf 91' lang='lat' dir='ltr'><strong>ad·</strong></span> 
     </span>
     <span class='ocr_line' id='line_1_36' title="bbox 268 3999 1418 4084; baseline -0.002 -17"><span class='ocrx_word' id='word_1_308' title='bbox 268 4003 431 4084; x_wconf 87' lang='lat' dir='ltr'><strong>stringant</strong></span> <span class='ocrx_word' id='word_1_309' title='bbox 444 4006 541 4082; x_wconf 90' lang='lat' dir='ltr'><strong>atque</strong></span> <span class='ocrx_word' id='word_1_310' title='bbox 555 4001 755 4065; x_wconf 89' lang='lat' dir='ltr'><strong>constituant</strong></span> <span class='ocrx_word' id='word_1_311' title='bbox 766 3999 853 4064; x_wconf 85' lang='lat' dir='ltr'><strong>Flor.</strong></span> <span class='ocrx_word' id='word_1_312' title='bbox 865 3999 914 4062; x_wconf 84' lang='lat' dir='ltr'><strong>IV</strong></span> <span class='ocrx_word' id='word_1_313' title='bbox 914 4048 922 4065; x_wconf 84' lang='grc'><strong>.</strong></span> <span class='ocrx_word' id='word_1_314' title='bbox 931 4001 992 4064; x_wconf 87' lang='grc'><strong>102</strong></span> <span class='ocrx_word' id='word_1_315' title='bbox 1013 4051 1021 4066; x_wconf 86' lang='lat'>.</span> <span class='ocrx_word' id='word_1_316' title='bbox 1044 4049 1051 4066; x_wconf 88' lang='lat'><strong>.</strong></span> <span class='ocrx_word' id='word_1_317' title='bbox 1074 4001 1211 4066; x_wconf 75' lang='lat' dir='ltr'><strong>honestae</strong></span> <span class='ocrx_word' id='word_1_318' title='bbox 1232 4000 1274 4065; x_wconf 74' lang='lat' dir='ltr'><strong>aa</strong></span> <span class='ocrx_word' id='word_1_319' title='bbox 1292 4012 1418 4068; x_wconf 81' lang='lat' dir='ltr'><strong>coatern-</strong></span> 
     </span>
     <span class='ocr_line' id='line_1_37' title="bbox 261 4097 1421 4184; baseline 0.002 -22"><span class='ocrx_word' id='word_1_320' title='bbox 261 4100 435 4184; x_wconf 69' lang='lat' dir='ltr'><strong>prationem.</strong></span> <span class='ocrx_word' id='word_1_321' title='bbox 455 4097 535 4164; x_wconf 83' lang='lat' dir='ltr'><strong>Dsr.</strong></span> <span class='ocrx_word' id='word_1_322' title='bbox 553 4101 613 4165; x_wconf 76' lang='lat'><strong>173</strong></span> <span class='ocrx_word' id='word_1_323' title='bbox 624 4113 659 4164; x_wconf 82' lang='lat' dir='ltr'><strong>at</strong></span> <span class='ocrx_word' id='word_1_324' title='bbox 678 4103 715 4164; x_wconf 80' lang='lat' dir='ltr'><strong>eit</strong></span> <span class='ocrx_word' id='word_1_325' title='bbox 727 4099 901 4183; x_wconf 71' lang='lat' dir='ltr'><strong>adspectent</strong></span> <span class='ocrx_word' id='word_1_326' title='bbox 912 4099 1060 4176; x_wconf 75' lang='lat' dir='ltr'><strong>honestus,</strong></span> <span class='ocrx_word' id='word_1_327' title='bbox 1076 4101 1118 4166; x_wconf 85' lang='lat' dir='ltr'><strong>ud</strong></span> <span class='ocrx_word' id='word_1_328' title='bbox 1129 4111 1421 4184; x_wconf 75' lang='lat' dir='ltr'><strong>mrmrumcepetue.</strong></span> 
     </span>
     <span class='ocr_line' id='line_1_38' title="bbox 266 4196 1421 4284; baseline 0.002 -22"><span class='ocrx_word' id='word_1_329' title='bbox 266 4196 306 4262; x_wconf 91' lang='lat' dir='ltr'><strong>M.</strong></span> <span class='ocrx_word' id='word_1_330' title='bbox 314 4199 340 4265; x_wconf 89' lang='lat' dir='ltr'><strong>I.</strong></span> <span class='ocrx_word' id='word_1_331' title='bbox 354 4200 395 4264; x_wconf 85' lang='grc'><strong>43</strong></span> <span class='ocrx_word' id='word_1_332' title='bbox 402 4201 549 4264; x_wconf 71' lang='lat' dir='ltr'><strong>cecitatem</strong></span> <span class='ocrx_word' id='word_1_333' title='bbox 562 4251 569 4263; x_wconf 87' lang='lat'><em>.</em></span> <span class='ocrx_word' id='word_1_334' title='bbox 583 4250 591 4265; x_wconf 86' lang='lat'>.</span> <span class='ocrx_word' id='word_1_335' title='bbox 606 4200 647 4264; x_wconf 85' lang='lat' dir='ltr'><strong>nd</strong></span> <span class='ocrx_word' id='word_1_336' title='bbox 660 4220 754 4284; x_wconf 81' lang='lat' dir='ltr'><strong>aquus</strong></span> <span class='ocrx_word' id='word_1_337' title='bbox 764 4197 1090 4282; x_wconf 56' lang='lat' dir='ltr'><strong>trasemstnpill.</strong></span> <span class='ocrx_word' id='word_1_338' title='bbox 1105 4201 1167 4266; x_wconf 83' lang='grc'><strong>236</strong></span> <span class='ocrx_word' id='word_1_339' title='bbox 1181 4199 1254 4284; x_wconf 69' lang='lat' dir='ltr'><strong>qued</strong></span> <span class='ocrx_word' id='word_1_340' title='bbox 1263 4201 1421 4284; x_wconf 79' lang='lat' dir='ltr'><strong>pauperies</strong></span> 
     </span>
     <span class='ocr_line' id='line_1_39' title="bbox 266 4298 1421 4386; baseline -0.001 -22"><span class='ocrx_word' id='word_1_341' title='bbox 266 4298 715 4386; x_wconf 77' lang='lat' dir='ltr'><strong>addiceb‘ase&#39;ntereit)-&#39;-Tum</strong></span> <span class='ocrx_word' id='word_1_342' title='bbox 725 4316 883 4381; x_wconf 86' lang='lat' dir='ltr'><strong>persaepe</strong></span> <span class='ocrx_word' id='word_1_343' title='bbox 895 4299 1019 4365; x_wconf 89' lang='lat' dir='ltr'><strong>indicat</strong></span> <span class='ocrx_word' id='word_1_344' title='bbox 1031 4300 1153 4384; x_wconf 89' lang='lat' dir='ltr'><strong>aliquid</strong></span> <span class='ocrx_word' id='word_1_345' title='bbox 1161 4299 1253 4364; x_wconf 90' lang='lat' dir='ltr'><strong>alicui</strong></span> <span class='ocrx_word' id='word_1_346' title='bbox 1264 4300 1312 4364; x_wconf 86' lang='lat' dir='ltr'><strong>rei</strong></span> <span class='ocrx_word' id='word_1_347' title='bbox 1324 4301 1421 4366; x_wconf 88' lang='lat' dir='ltr'><strong>desti·</strong></span> 
     </span>
     <span class='ocr_line' id='line_1_40' title="bbox 264 4397 1422 4482; baseline 0 -18"><span class='ocrx_word' id='word_1_348' title='bbox 264 4407 374 4464; x_wconf 88' lang='lat' dir='ltr'><strong>natum</strong></span> <span class='ocrx_word' id='word_1_349' title='bbox 393 4419 466 4464; x_wconf 86' lang='lat' dir='ltr'><strong>esse</strong></span> <span class='ocrx_word' id='word_1_350' title='bbox 495 4407 550 4464; x_wconf 87' lang='lat' dir='ltr'><strong>aut</strong></span> <span class='ocrx_word' id='word_1_351' title='bbox 572 4399 668 4466; x_wconf 88' lang='lat' dir='ltr'><strong>alicui</strong></span> <span class='ocrx_word' id='word_1_352' title='bbox 696 4397 832 4464; x_wconf 88' lang='lat' dir='ltr'><strong>consilio</strong></span> <span class='ocrx_word' id='word_1_353' title='bbox 862 4399 1021 4464; x_wconf 85' lang='lat' dir='ltr'><strong>inservire</strong></span> <span class='ocrx_word' id='word_1_354' title='bbox 1051 4407 1107 4465; x_wconf 89' lang='lat' dir='ltr'><strong>aut</strong></span> <span class='ocrx_word' id='word_1_355' title='bbox 1128 4400 1170 4463; x_wconf 91' lang='lat' dir='ltr'><strong>ad</strong></span> <span class='ocrx_word' id='word_1_356' title='bbox 1191 4399 1332 4482; x_wconf 87' lang='lat' dir='ltr'><strong>aliquam</strong></span> <span class='ocrx_word' id='word_1_357' title='bbox 1351 4420 1422 4464; x_wconf 90' lang='lat' dir='ltr'><strong>rem</strong></span> 
     </span>
     <span class='ocr_line' id='line_1_41' title="bbox 266 4497 1420 4584; baseline 0.001 -19"><span class='ocrx_word' id='word_1_358' title='bbox 266 4499 467 4565; x_wconf 85' lang='lat' dir='ltr'><strong>efficiendam</strong></span> <span class='ocrx_word' id='word_1_359' title='bbox 488 4499 667 4565; x_wconf 84' lang='lat' dir='ltr'><strong>institutum</strong></span> <span class='ocrx_word' id='word_1_360' title='bbox 690 4518 774 4578; x_wconf 88' lang='lat' dir='ltr'><strong>esse,</strong></span> <span class='ocrx_word' id='word_1_361' title='bbox 796 4497 887 4564; x_wconf 85' lang='lat' dir='ltr'><strong>velut</strong></span> <span class='ocrx_word' id='word_1_362' title='bbox 896 4498 939 4567; x_wconf 84' lang='grc' dir='ltr'><strong>Π.</strong></span> <span class='ocrx_word' id='word_1_363' title='bbox 954 4501 1012 4567; x_wconf 87' lang='grc'><strong>146</strong></span> <span class='ocrx_word' id='word_1_364' title='bbox 1022 4502 1202 4568; x_wconf 81' lang='lat' dir='ltr'><strong>cadaverem</strong></span> <span class='ocrx_word' id='word_1_365' title='bbox 1209 4501 1420 4584; x_wconf 79' lang='lat' dir='ltr'><strong>proesepmiau</strong></span> 
     </span>
     <span class='ocr_line' id='line_1_42' title="bbox 265 4598 1419 4684; baseline 0.004 -19"><span class='ocrx_word' id='word_1_366' title='bbox 265 4600 305 4666; x_wconf 82' lang='lat' dir='ltr'><strong>ed</strong></span> <span class='ocrx_word' id='word_1_367' title='bbox 325 4598 488 4663; x_wconf 77' lang='lat' dir='ltr'><strong>eerbblilee</strong></span> <span class='ocrx_word' id='word_1_368' title='bbox 508 4601 668 4665; x_wconf 77' lang='lat' dir='ltr'><strong>viventium</strong></span> <span class='ocrx_word' id='word_1_369' title='bbox 687 4601 828 4684; x_wconf 81' lang='lat' dir='ltr'><strong>fortunae</strong></span> <span class='ocrx_word' id='word_1_370' title='bbox 845 4609 999 4683; x_wconf 79' lang='lat' dir='ltr'><strong>peluntur.</strong></span> <span class='ocrx_word' id='word_1_371' title='bbox 1020 4601 1064 4666; x_wconf 86' lang='lat' dir='ltr'><strong>ib.</strong></span> <span class='ocrx_word' id='word_1_372' title='bbox 1086 4600 1145 4666; x_wconf 84' lang='lat'><strong>161</strong></span> <span class='ocrx_word' id='word_1_373' title='bbox 1167 4600 1210 4664; x_wconf 84' lang='lat' dir='ltr'><strong>od</strong></span> <span class='ocrx_word' id='word_1_374' title='bbox 1230 4602 1353 4670; x_wconf 67' lang='lat' dir='ltr'><strong>albente</strong></span> <span class='ocrx_word' id='word_1_375' title='bbox 1373 4628 1419 4675; x_wconf 78' lang='lat' dir='ltr'><strong>ac-</strong></span> 
     </span>
    </p>
   </div>
   <div class='ocr_carea' id='block_1_4' title="bbox 0 0 1580 5312">
    <p class='ocr_par' dir='ltr' id='par_1_5' title="bbox 0 0 1580 5312">
     <span class='ocr_line' id='line_1_43' title="bbox 0 0 1580 5312; baseline 0 1"><span class='ocrx_word' id='word_1_376' title='bbox 0 0 1580 5312; x_wconf 95' lang='lat' dir='ltr'><strong> </strong></span> 
     </span>
    </p>
   </div>
  </div>
 </body>
</html>
