3068 5310
642 443 647 492 ³
664 443 726 510 125

116 605 222 726 neque
242 644 476 708 recentioribus
497 644 594 727 (Gall.
616 645 655 709 N.
676 647 714 710 Α.
736 646 810 711 VM.
832 645 866 727 3)
887 646 1061 712 inusitatae
1078 651 1160 712 sunt.
1188 645 1270 711 Tu'm

115 743 202 808 Flor.
221 744 280 807 III.
303 744 344 808 13
365 765 403 806 aa
419 744 630 828 0011190101.
651 743 741 828 Seu.)
762 747 974 812 ,10030410
995 749 1109 813 r'nb'mo.
1131 747 1172 812 Μ.
1195 746 1269 811 VII.

114 843 176 909 494
197 865 236 906 err
247 846 347 926 formo
370 841 512 926 (concidi
535 845 673 910 fustibus
689 848 731 910 of.
753 847 842 911 Tert.
856 849 952 930 Apol.
968 850 1007 914 71
1031 867 1071 912 ex
1088 847 1268 910 101111οο111-

114 944 207 1008 uibus
229 943 390 1027 mysteriis
415 942 535 1008 silentii
555 945 635 1008 fides
650 944 828 1030 debeatur).
864 947 1073 1030 Depravatae
1093 946 1266 1011 latinitatis

115 1049 166 1108 est
188 1063 228 1106 ex
248 1063 308 1127 pro
324 1043 469 1108 ablativo
492 1044 627 1127 simplici
650 1045 710 1124 (sc.
729 1046 943 1128 instrumenti)
964 1047 1104 1130 positum
1118 1047 1194 1111 Asc.
1208 1047 1270 1110 319

114 1168 133 1208 α
155 1146 310 1230 repertore
332 1144 384 1208 illo
407 1145 518 1207 mondo
540 1148 629 1228 qaosr'
648 1168 686 1209 err
706 1148 873 1211 uertebrarum
896 1157 1087 1211 00010010-
1108 1149 1188 1210 Prae
1210 1165 1270 1228 pro

113 1248 165 1327 ob,
187 1249 333 1328 propter,
356 1243 388 1306 in
409 1243 498 1308 euius
520 1244 623 1308 vicem
646 1267 710 1309 11011
730 1268 806 1311 1010
829 1248 982 1327 succedit,
998 1252 1106 1311 tamen
1120 1247 1181 1310 hoo
1195 1247 1269 1310 loeo

113 1344 250 1408 offendit
277 1341 318 1408 M.
348 1343 390 1407 X.
420 1344 480 1408 722
498 1365 575 1428 prae
604 1345 737 1409 obseratio
763 1349 870 1410 meriti
889 1349 1056 1413 ..1100011111
1077 1345 1113 1409 ob
1135 1345 1270 1430 obsequio

111 1445 225 1508 mariti.
258 1442 453 1509 insolentius
470 1445 673 1508 coniunctum
687 1451 738 1509 est
759 1446 854 1510 etiam
873 1448 953 1513 Dsr.
976 1450 1035 1513 128
1054 1448 1166 1511 mirari
1182 1467 1272 1530 super

110 1545 170 1608 diis
197 1543 423 1609 immortalibus.
450 1579 490 1588 -
517 1544 662 1627 Denique
682 1565 747 1610 11011
766 1549 1061 1629 praetermittamus
1082 1543 1185 1610 minus
1208 1546 1270 1610 usi·

111 1649 201 1708 tatas
222 1644 500 1727 praepositionum
524 1643 776 1710 collocationes:
802 1667 841 1711 ex
862 1643 975 1731 quibus
991 1645 1190 1729 frequentior
1205 1651 1270 1710 est:

112 1745 174 1808 Per
194 1765 244 1828 epo
267 1755 293 1808 te
312 1750 373 1810 010.
396 1742 436 1811 Μ.
458 1745 515 1808 VI.
539 1745 608 1810 384.
631 1745 688 1808 IV.
708 1745 784 1827 3053
820 1748 897 1812 diem
922 1750 1015 1830 some
1040 1747 1121 1808 orco
1141 1745 1272 1809 medriam

112 1845 156 1910 M.
179 1844 238 1908 ΙΙΙ.
261 1843 332 1908 235.
351 1841 407 1910 ΙΧ.
431 1846 508 1929 cab,
530 1850 604 1926 tum,
633 1846 719 1926 quod
747 1847 866 1911 Tacito
894 1847 1052 1911 familiare
1074 1851 1126 1910 001
1150 1845 1190 1909 Μ.
1212 1845 1271 1911 IV.

113 1944 176 2008 243
196 1942 330 2006 rabulum
352 1945 498 2028 quendam
518 1945 661 2028 serpentis
676 1945 780 2008 leniter
793 1967 887 2030 oquae
896 1958 1022 2031 propter
1036 1949 1193 2017 abubacar:
1216 1945 1270 2008 de-

111 2046 218 2128 nique,
242 2044 329 2126 quod
350 2043 459 2126 paullo
482 2044 590 2108 durius
612 2046 806 2110 avocabulo
830 2067 889 2110 suo
909 2053 1064 2110 remotum
1086 2050 1138 2110 001
1158 2046 1200 2111 M.
1213 2045 1270 2111 IV.

112 2145 175 2209 269
190 2153 315 2228 praeter
335 2144 541 2208 eroub'oar'bus
560 2154 664 2229 coptus
685 2165 784 2212 arsos.

199 2330 306 2411 Atque
327 2328 377 2392 bis
404 2329 633 2411 particularum
653 2335 719 2393 tam
741 2349 889 2414 magnum
914 2330 1194 2413 multimodumque
1218 2347 1271 2413 ge·

112 2449 174 2494 nus
200 2427 406 2494 absolvimus.
450 2426 609 2510 Sequitur,
632 2435 668 2491 01
690 2429 730 2493 de
751 2431 903 2495 universa
917 2430 1070 2513 iungendi
1085 2437 1271 2494 construen-

112 2530 211 2611 dique
229 2527 357 2592 ratione
379 2527 587 2607 disseramus,
615 2548 698 2610 quae
720 2550 786 2594 non
807 2531 839 2592 in
862 2529 1057 2612 singularum
1078 2550 1194 2595 vocum
1213 2549 1273 2595 usu

112 2627 301 2714 percipitur,
325 2628 385 2692 sed
407 2627 641 2713 coniungendis
669 2627 753 2692 111101
780 2649 815 2692 00
838 2634 895 2694 001
916 2630 1024 2696 verbis
1047 2629 1286 2694 0010001010·

111 2730 256 2796 tionibus
279 2728 358 2794 totis
382 2728 530 2793 cernitur.
574 2731 622 2793 Ae
652 2728 788 2811 primum
816 2733 1157 2812 singulorumomnem
1186 2749 1270 2794 usur-
1368 2775 1375 2789 .

110 2833 271 2914 petionem
281 2827 495 2910 licentiusque
506 2828 747 2910 perlustramus,
768 2829 886 2894 deinde
904 2830 1030 2914 singula
1039 2831 1074 2894 in
1085 2829 1270 2894 enunciata·

108 2952 181 2995 rum
189 2950 286 2994 cursu
298 2946 468 3013 perperam
479 2946 606 2992 conexa
619 2934 652 2991 01
664 2949 684 2990 0
694 2935 787 2992 10010
798 2929 962 2995 scribendi
968 2930 1268 2995 normaabhorren·

109 3027 556 3098 tianotemus.Inuniversum
566 3048 952 3111 paeuesupervaeaneum
965 3036 1016 3095 est
1027 3049 1167 3111 monere,
1176 3049 1270 3112 quas-

110 3150 238 3214 cunque
250 3129 369 3213 prioris
391 3128 514 3194 saeculi
532 3129 709 3212 scriptores
721 3129 755 3193 in
767 3131 941 3214 primisque
953 3137 1073 3214 poetae
1088 3131 1148 3195 sibi
1167 3149 1270 3213 sump-

110 3228 562 3312 serintlieentias,Apuleium
577 3235 642 3292 tam
655 3229 824 3295 immodice
836 3232 1096 3314 frequentavisse
1110 3251 1204 3314 quam
1217 3250 1270 3293 au·

110 3331 415 3398 daetcradauxisse.
427 3328 541 3412 Neque
553 3329 728 3412 indiligens
741 3330 802 3394 fuit
813 3330 1012 3396 Graecorum
1018 3330 1181 3396 liberioris
1190 3336 1270 3396 strn-

111 3440 227 3498 cturae
244 3436 403 3496 sectator:
426 3451 521 3513 quam
536 3449 576 3494 ea
596 3430 637 3494 de
654 3423 771 3495 caussa
784 3431 930 3514 impense
949 3430 1124 3512 affectavit,
1148 3437 1182 3494 ut
1203 3431 1271 3495 eius

111 3533 274 3598 facilitate
295 3551 332 3595 ao
351 3535 520 3595 venustate
544 3530 724 3594 orationem
751 3530 869 3614 ubique
890 3530 1051 3612 turgidam
1069 3550 1175 3613 neque
1195 3551 1271 3595 raro

95 3637 285 3700 ‘verborum
310 3631 477 3696 incondita
502 3629 586 3694 mole
613 3630 740 3693 tardam
774 3635 870 3714 atque
897 3631 1067 3696 molestam
1094 3636 1150 3694 001
1176 3631 1270 3695 ador·

109 3739 210 3800 naret
232 3739 287 3798 aut
302 3731 458 3796 redderet
479 3731 571 3814 quasi
591 3730 774 3801 volubilem.
887 3723 891 3728 ⁵

195 3835 303 3916 Atque
327 3852 421 3916 quum
435 3830 553 3914 ubique
576 3830 729 3896 dictionis
750 3832 887 3896 audacia
909 3851 947 3896 ac
963 3831 1109 3897 novitate
1130 3833 1268 3915 insignis

106 3936 265 4002 flosculos
288 3937 468 4016 appeteret,
490 3936 556 3995 tum
577 3931 713 3995 maxime
742 3932 803 3996 sibi
830 3932 863 3996 iu
887 3933 1022 4014 genitivi
1044 3951 1103 3994 usu
1124 3931 1267 4013 indulsit,

107 4038 155 4101 ad
174 4036 288 4101 variae
312 4034 494 4098 0110010100
520 4031 666 4096 rationes
696 4033 813 4096 breves
842 4033 1067 4114 brevitateque
1092 4032 1267 4116 insignitas

106 4137 289 4221 gratesque
331 4151 397 4194 non
435 4131 596 4196 inhabilis.
654 4131 705 4196 Ex
736 4133 849 4216 quibus
897 4131 1029 4213 primum
1069 4151 1267 4199 assumamus

106 4257 192 4315 eam,
230 4254 293 4317 qua
319 4231 441 4296 neutris
475 4231 706 4296 adieetivorum
735 4231 939 4313 diversisque
963 4230 1028 4294 loci
1055 4237 1089 4296 01
1109 4233 1265 4316 temporis

104 4334 275 4400 adverbiis
299 4333 487 4416 apponitur:
509 4351 593 4414 quae
607 4325 704 4414 ¹quum
716 4338 814 4396 autea
833 4333 896 4396 iam
910 4331 1030 4396 usitata
1045 4338 1142 4413 esset,
1157 4339 1267 4400 tamen

102 4438 186 4518 ipsa
206 4433 366 4498 immodici
389 4452 427 4497 ac
450 4433 520 4496 fere
546 4431 712 4495 libidinosi
738 4452 815 4497 usus
843 4431 1029 4514 frequentia
1049 4433 1266 4502 memorabilis

101 4536 155 4602 fit.
194 4535 302 4617 Atque
331 4533 465 4598 alteram
498 4532 626 4616 quidem
658 4533 801 4614 speciem
827 4532 891 4594 iam
919 4551 1017 4616 supra
1048 4532 1264 4618 tetigimus*):

123 4699 128 4708 .
179 4663 207 4734 ¹⁴)
225 4664 525 4739 Interponamuslrioz-
536 4663 575 4718 M.
586 4663 609 4716 Ι.
623 4663 653 4716 15
666 4663 747 4738 ,quid
760 4664 896 4721 sermonis
910 4665 1120 4738 agitaretis-ib.
1132 4664 1164 4722 37
1182 4667 1266 4746 „quid
