3128 5300
863 372 915 442 ‘bd

320 576 419 642 alten.
448 574 676 658 (praeterimus
703 575 806 659 mapa
833 575 930 640 solita
955 574 1140 643 Μ.Ν.290
1164 577 1257 642 attus
1276 577 1403 645 ewam.
1427 577 1474 644 ib.

318 677 380 743 303
400 676 497 739 ultius
521 676 657 760 frumen.
685 674 849 741 viuum
876 675 968 740 ultrice
994 677 1188 762 manantes.)
1216 684 1271 743 aut
1290 679 1378 744 idem
1398 679 1473 743 fere

319 783 370 842 est
397 781 492 858 atque
521 776 704 856 admodum,
733 775 828 840 valde
856 775 897 838 cf.
919 774 958 840 M.
971 776 1028 844 VI.
1040 778 1099 842 441
1127 789 1160 842 tu
1184 777 1261 842 mab·
1278 779 1387 842 ciderio
1412 778 1474 842 alte

314 896 443 962 prorem
463 874 608 958 malefica.
631 875 671 942 V.
678 876 737 940 381
761 873 820 938 ulte
838 895 948 938 rursus
968 879 1080 940 conato
1098 877 1207 962 prada
1235 877 1360 943 Eadem
1381 878 1476 942 solidi

318 981 370 1041 est
391 974 481 1040 notio
504 973 678 1040 Μ.Π1.200
700 975 831 1040 comicis
854 980 887 1037 et
907 975 1051 1058 inprimis
1065 976 1181 1042 Plauto
1197 978 1472 1061 frequentissima.

189 1164 195 1173 .
320 1075 407 1141 Satis
433 1075 675 1139 memorabilem
701 1076 840 1157 denique
869 1074 1112 1158 significationis
1138 1078 1372 1161 proprietatem
1395 1079 1472 1143 affe-

318 1195 424 1242 ramus
447 1194 531 1254 cam,
560 1193 623 1258 qua
643 1174 818 1250 abstemius,
847 1173 933 1256 quod
955 1176 1052 1241 solito
1075 1177 1227 1262 designet
1248 1177 1407 1244 hominem
1430 1181 1471 1242 ab

317 1276 566 1358 intemperantia
592 1275 655 1339 cibi
681 1276 809 1358 vinique
832 1275 1060 1356 abstinentem,
1084 1277 1164 1344 satis
1185 1278 1358 1344 manifesto
1382 1299 1472 1344 usur·

318 1384 412 1460 patui·
439 1376 478 1439 de
503 1394 556 1456 eo,
585 1374 638 1457 qni
659 1374 798 1437 nondum
817 1375 922 1438 ederit
937 1381 992 1438 aut
1012 1378 1176 1460 potaverit
1196 1379 1258 1460 Ap.
1270 1377 1333 1443 523
1353 1379 1473 1442 ieiunus

319 1476 418 1540 adbuc
443 1485 529 1560 utque
550 1473 708 1538 abstemius
729 1473 785 1544 (cf.
806 1472 896 1538 Paul.
918 1474 992 1538 Nol.
1016 1493 1067 1557 cp.
1085 1473 1143 1556 t.):
1166 1476 1323 1560 adquam
1345 1477 1472 1542 unicam

308 1597 423 1662 paene
434 1574 589 1657 loquendi
601 1573 866 1638 consuetudinem
878 1575 1006 1640 accedit
1026 1575 1095 1639 fere
1117 1575 1305 1643 M.VlI.469
1325 1581 1430 1642 uinum
1444 1623 1471 1640 ..

317 1677 534 1758 uinulenb'uque
555 1673 684 1738 madidet
707 1675 769 1758 epse
789 1673 946 1739 abstemius
973 1695 1032 1738 nou
1060 1687 1154 1740 ccssct
1180 1677 1349 1761 tiupiwere.
1404 1678 1473 1740 Iam

318 1780 351 1842 in
387 1775 520 1858 reliquis
553 1774 719 1838 notionum
744 1773 920 1840 levioribus
945 1773 1216 1842 immutationibus
1249 1777 1385 1862 (primus
1410 1797 1472 1859 pro

319 1876 497 1962 primarius,
508 1878 679 1956 praestans
695 1873 736 1938 cf.
749 1872 868 1938 Flcr.I.
876 1873 916 1938 32
936 1875 978 1940 ib.
1000 1875 1089 1940 Hac
1104 1875 1209 1940 Rostri
1220 1881 1323 1961 primu
1336 1877 1473 1945 durau:

317 1978 440 2040 ultimus
462 1980 496 2040 et
514 1984 663 2038 extremus
683 1972 803 2055 passim
824 1993 884 2056 pro
899 1973 1111 2056 nequissimus
1133 1973 1239 2042 Mill.
1248 1977 1317 2041 182.
1332 1976 1389 2042 VI.
1401 1977 1473 2041 242.

319 2077 378 2142 ΙΧ.
388 2077 450 2142 624
469 2075 584 2138 clr'cuus
605 2093 665 2156 pro
688 2073 923 2156 aliusAp.561,
947 2073 1118 2157 deletaque
1140 2076 1288 2160 graviore
1311 2077 1404 2159 quasi
1419 2078 1473 2140 ab·

319 2177 481 2242 alienandi
502 2175 534 2236 vi
555 2175 625 2238 iere
648 2173 740 2257 quasi
754 2180 895 2238 remotus
907 2173 948 2238 M.
956 2174 1046 2240 Vlll.
1054 2175 1125 2240 522.
1140 2175 1180 2239 V.
1188 2176 1265 2241 366:
1287 2176 1473 2260 proceritas

320 2278 416 2360 spatii
437 2277 562 2340 fecerat
584 2273 735 2352 alienum)
757 2273 874 2338 diutius
896 2294 962 2338 nou
984 2293 1066 2356 opus
1090 2280 1124 2339 et
1145 2277 1397 2340 commomorari.

401 2375 469 2436 Iam
495 2372 593 2456 igitur
620 2373 661 2435 ad
688 2377 803 2438 tertiae
832 2376 1053 2439 declinationis
1086 2377 1229 2456 apposita
1260 2381 1473 2440 transeamus.

320 2475 371 2538 llx
403 2475 516 2557 quibus
554 2472 688 2556 primum
720 2493 917 2539 assumamus
951 2475 984 2538 in
1025 2474 1064 2538 -is
1100 2475 1283 2539 terminatia
1305 2495 1353 2557 ea,
1390 2495 1474 2558 quae

320 2597 414 2661 quum
436 2574 598 2639 secundae
626 2574 806 2656 tertiaeque
840 2573 1065 2639 declinationis
1106 2575 1194 2638 exitu
1226 2576 1405 2655 varientur,
1440 2574 1475 2638 iu

319 2675 426 2740 medio
450 2673 541 2755 quasi
561 2674 671 2756 posita
693 2680 775 2739 sunt.
802 2673 864 2740 Est
883 2681 989 2739 autem
1009 2675 1090 2738 haec
1107 2675 1367 2740 terminaticnum
1389 2695 1473 2740 com·

307 2775 461 2853 mutatio,
485 2793 587 2855 acque
610 2778 705 2856 atque
729 2773 952 2838 adverbiorum
975 2775 1094 2856 duplici
1114 2775 1217 2841 forma
1238 2777 1270 2840 in
1290 2782 1380 2841 eet
1399 2779 1475 2841 iter

319 2872 607 2953 conformatorum,
637 2893 720 2956 quae
747 2873 889 2937 indidem
916 2875 1068 2954 manavit,
1106 2876 1148 2940 ad
1176 2877 1318 2960 vulgaris
1343 2877 1473 2960 linguae

320 2999 411 3043 usum
431 2984 595 3041 revocata.
635 2973 791 3056 Apuleius
815 2979 869 3036 aut
889 2981 1055 3057 utramque
1084 2975 1217 3040 formam
1238 2977 1320 3042 locis
1341 2996 1474 3059 usurpa·

319 3077 367 3141 vit
386 3075 525 3140 diversis
548 3081 602 3139 aut
622 3094 664 3139 ex
687 3075 811 3138 duobus
826 3073 1071 3139 insolentiorcm
1086 3080 1185 3160 certe²
1208 3095 1290 3158 quae
1307 3095 1327 3139 a
1344 3075 1474 3157 puriore

318 3195 466 3243 sermone
494 3174 667 3256 abhorruit,
691 3174 752 3238 sibi
775 3173 912 3256 delegit:
949 3171 989 3239 M.
1013 3175 1047 3240 V.
1062 3174 1296 3240 {cccccccccc
1320 3197 1345 3241 s.
1374 3172 1473 3258 (Geli.

307 3275 443 3340 XVIII.
465 3275 495 3340 2.
518 3272 744 3354 concinniter.)
764 3273 854 3339 Mor.
875 3275 901 3341 I.
919 3275 957 3340 13
978 3276 1092 3360 (carnii
1112 3273 1142 3358 †.
1165 3277 1207 3342 M.
1222 3277 1246 3342 I.
1264 3277 1312 3342 17.
1327 3275 1386 3341 XL
1402 3275 1473 3339 752.

318 3379 381 3443 813
391 3377 533 3440 rumina
543 3375 583 3439 A.
607 3409 648 3420 -
670 3370 711 3439 M.
728 3373 757 3439 I.
770 3374 811 3438 22
823 3395 948 3438 enervus
962 3396 986 3440 s.
1003 3376 1064 3458 Ap.
1076 3375 1150 3440 551.
1165 3375 1244 3444 DPl.
1260 3376 1302 3442 Π.
1318 3376 1378 3440 243
1393 3395 1474 3438 eruer-

309 3479 365 3541 cis
385 3474 425 3543 M.
440 3477 465 3543 I.
482 3477 523 3542 22
538 3494 659 3539 ccccmo
675 3495 699 3540 s.
721 3475 783 3557 Ap.
798 3474 870 3540 492.
886 3474 956 3541 551,
971 3476 1086 3538 caussis
1100 3476 1139 3540 Α.
1154 3472 1259 3558 (exos.
1274 3475 1402 3540 Lucret.
1413 3473 1474 3538 ΙΠ.

322 3577 407 3653 721).
429 3575 469 3644 Μ.
491 3577 548 3643 IV.
578 3575 639 3639 239
666 3574 785 3638 diturus
805 3575 910 3642 Pleut.
935 3575 1009 3642 Ter.
1033 3574 1115 3640 Geli.
1139 3574 1205 3641 Cic.
1229 3576 1270 3639 ad
1290 3578 1359 3641 Att.
1381 3573 1473 3639 XVI.

322 3677 351 3744 3.
373 3679 400 3743 1.
417 3677 456 3743 V.
472 3677 522 3742 20.
529 3677 566 3743 ’5.
581 3677 621 3742 Μ.
637 3677 662 3741 Ι.
679 3676 719 3740 73
738 3681 772 3740 et
788 3676 976 3760 saepissime
992 3677 1134 3760 opiparas.
1151 3675 1192 3742 M.
1207 3674 1249 3740 Χ.
1265 3676 1335 3742 702.
1351 3676 1391 3742 V.
1402 3675 1473 3740 350.

323 3776 405 3844 Dar.
429 3777 489 3842 170
510 3779 653 3862 opiparas
675 3776 779 3842 Plaut.
801 3774 892 3841 Pers.
914 3777 972 3842 IV.
993 3777 1023 3842 4.
1042 3775 1070 3843 l.
1085 3775 1126 3842 M.
1140 3776 1197 3842 IV.
1215 3777 1274 3841 281
1289 3775 1474 3860 retroprcdri

323 3895 348 3941 s.
371 3877 442 3960 (-us
474 3874 563 3956 Seu.)
591 3875 742 3940 Subtemen
768 3873 861 3958 (Acc.
885 3875 968 3940 (tell.
990 3874 1047 3940 IV.
1071 3874 1113 3960 7.)
1135 3876 1185 3940 bis
1211 3875 1332 3958 legitur
1352 3875 1392 3941 M.
1414 3874 1474 3939 IH.

324 3978 394 4042 217.
418 3977 478 4042 176
492 3975 617 4042 multuo
637 3987 783 4059 supposta.
816 3976 948 4060 Tctr‘upii
964 3976 1062 4040 semel
1084 3982 1207 4042 tantum
1229 3976 1373 4041 occurrit
1386 3974 1474 4039 Flor.

295 4076 350 4140 ⁹-I.
367 4078 407 4142 36
421 4079 530 4162 cumqe·
544 4075 869 4160 embntdcmapncficur,
890 4076 988 4141 multo
999 4083 1109 4141 tamen
1123 4077 1266 4142 crebrius
1289 4077 1419 4158 totaeque
1432 4074 1474 4140 M.

320 4176 367 4243 ll.
390 4176 458 4242 150.
479 4177 537 4242 IV.
552 4177 622 4242 314.
643 4175 731 4241 Flor.
746 4176 805 4240 IV.
820 4176 870 4241 86.
891 4173 971 4242 Dsr.
996 4173 1056 4240 110
1077 4177 1189 4261 tctrbpc
1210 4176 1323 4241 adda:
1347 4194 1410 4238 vox
1424 4181 1475 4238 est

320 4295 413 4342 mere
434 4276 625 4359 Apuleiana.
645 4276 687 4342 M.
703 4275 776 4340 VII.
790 4275 850 4339 461
873 4276 1025 4339 unanimis
1043 4275 1210 4341 Claudiam
1233 4278 1312 4360 (us.
1334 4277 1418 4362 Liv.)
1433 4314 1475 4324 -

327 4378 435 4460 Atque
461 4375 510 4440 his
531 4377 711 4442 variatione
739 4375 843 4440 exitus
870 4375 1129 4442 memorabilibus
1156 4397 1262 4461 pauca
1281 4378 1366 4443 inis
1392 4379 1474 4444 desi-

328 4477 605 4542 nentiaaddamus
621 4479 724 4542 forma
738 4476 934 4558 niaximeque
953 4479 1187 4559 compositione
1202 4485 1337 4543 novata:
1362 4479 1399 4541 M.
1415 4477 1474 4545 IX.

330 4578 526 4668 occupat
549 4599 573 4643 s.
598 4578 640 4643 a.
663 4577 736 4644 vu,
769 4578 828 4642 461
855 4577 958 4664 cepta
979 4578 1097 4642 cmo.
1118 4575 1245 4664 Mcap.
1267 4579 1310 4644 io.
1334 4579 1391 4644 Ν.
1409 4580 1472 4664 281
