3068 5310
640 396 700 464 135

91 601 288 694 stipaverant.⁸
310 593 364 668 ΙΧ.
388 597 450 669 610
470 603 505 667 dc
517 611 597 685 arpo
612 596 784 687 usurpatas
805 591 920 666 armati
932 606 1150 684 supercurrunt
1169 591 1246 689 aqut·

91 716 147 770 tea
169 705 256 770 Flor.
279 703 304 769 I.
326 704 364 768 21
397 703 452 766 Est
477 701 561 788 apud
580 701 647 766 illos
667 720 767 785 penos,
789 703 849 785 qui.
873 749 880 766 .
901 718 1015 762 uenae.
1036 697 1080 763 ib.
1096 697 1136 761 28
1156 717 1248 780 penus

91 805 248 868 u‘uccnc'tur
270 855 277 870 .
301 853 309 870 .
336 803 390 889 qui
406 803 518 868 malint
538 807 600 866 etc.
643 802 694 865 Ac
717 820 758 865 ne
779 802 861 865 haec
878 799 1010 882 ¹quidem
1030 801 1248 878 congruenter

91 923 167 967 cum
203 904 484 987 grammaticorum
515 902 703 985 praeceptis
736 901 908 965 coniuncta
936 905 1009 964 sunt
1032 893 1071 958 M.
1099 893 1158 960 XI.
1186 895 1247 960 782

91 1002 158 1068 Nec
179 1002 235 1068 tibi
252 1003 368 1065 natales
389 1023 426 1065 ac
447 1002 577 1085 du'qnitas
597 1001 714 1087 quidem
736 1049 743 1064 .
767 1047 774 1063 .
795 1000 915 1086 profuit
953 1000 995 1063 ib.
1018 995 1078 1062 783
1102 993 1185 1070 Quid
1205 994 1248 1057 la·

90 1113 205 1185 traaas,
228 1103 300 1188 quid
306 1104 396 1188 seruc,
410 1103 482 1188 quid
491 1103 644 1166 servicium
666 1150 674 1166 .
697 1149 705 1165 .
722 1099 849 1186 motui.
865 1099 1012 1178 Leviora,
1026 1115 1107 1179 quae
1120 1096 1250 1160 diversa

92 1205 235 1270 suntab
258 1205 316 1288 his,
345 1209 379 1269 ut
400 1201 440 1269 M.
463 1204 504 1270 II.
524 1204 583 1268 122
610 1201 643 1266 ic
664 1223 748 1266 ornae
774 1197 961 1264 latrocinalis
987 1217 1096 1260 manus
1127 1199 1249 1272 caracui,

91 1325 224 1390 quorum
246 1303 391 1372 audaciae
413 1324 584 1388 repugnans
604 1302 657 1366 vel
668 1302 709 1368 Μ.
726 1301 811 1368 VIII.
832 1300 895 1366 570
921 1299 958 1361 ab
976 1301 1100 1363 emtione
1118 1319 1182 1361 mea
1203 1308 1249 1360 at·

84 1413 164 1490 pote
181 1403 363 1487 succusani
386 1403 528 1468 deterruit
555 1405 680 1468 uncinos.
729 1402 798 1466 VII.
825 1401 887 1467 468
914 1408 1058 1464 contemta
1078 1418 1144 1461 mco
1159 1417 1250 1482 proc·

91 1505 194 1567 sautia
218 1507 309 1588 qnasi
326 1523 393 1568 cere
407 1505 526 1584 mortui,
544 1503 659 1570 SImilia
681 1501 872 1584 conquirere
896 1497 1153 1583 supersedemus,

182 1602 300 1667 Paucis
324 1603 440 1668 deinde
457 1604 497 1667 de
513 1624 573 1670 usu
593 1603 741 1667 infinitivi
756 1601 970 1666 disseramus:
994 1599 1083 1663 euius
1106 1597 1250 1682 singulas

51 1735 59 1746 ·
92 1703 326 1786 usurpationes
353 1704 585 1768 memoratione
618 1701 732 1785 dignas
762 1701 912 1766 conferre
936 1699 1033 1779 satis,
1067 1700 1251 1762 accuratim

94 1803 264 1886 explicare
285 1803 428 1866 rationes
449 1801 580 1886 longum
602 1802 704 1866 visuum
727 1801 825 1880 estu)
871 1799 1080 1864 Multifariam
1102 1799 1142 1860 ab
1164 1799 1250 1880 Apu-

92 1905 166 1968 leio
193 1903 354 1966 liberrime
387 1901 547 1984 adhibitus
575 1909 633 1983 est,
656 1902 714 1966 sed
740 1920 888 1984 nequea
921 1906 1087 1984 poetarum
1113 1897 1252 1964 licentiis

93 2023 205 2086 neque
234 2023 253 2066 a
280 2001 472 2066 recentioris
500 2003 617 2067 aetatis
650 2002 842 2084 scriptorum
875 1997 1107 2065 consuetudine
1144 1997 1251 2061 alieno

94 2103 197 2168 modo
221 2109 276 2166 aut
296 2101 452 2165 inaudito.
489 2101 562 2165 Non
577 2103 681 2184 pauci,
701 2121 780 2185 prae
796 2103 914 2166 ceteris
929 2101 1076 2165 novitate
1097 2096 1252 2180 insignes,

96 2224 142 2266 ex
167 2201 292 2266 Graece
315 2200 443 2282 linguae
459 2200 638 2266 imitatione
653 2202 794 2284 profecti
816 2207 898 2267 sunt.
934 2204 983 2264 Ao
999 2198 1131 2282 primum
1151 2197 1252 2260 1116111-

99 2303 193 2365 tivos
216 2308 330 2364 eontra
341 2299 480 2382 purioris
501 2301 630 2384 linguae
649 2300 822 2384 regulame
838 2299 1050 2367 substantivis
1071 2297 1253 2380 pendentes

94 2409 183 2464 nota
204 2401 263 2464 hos
286 2403 347 2482 Ap.
369 2400 430 2464 537
453 2400 530 2463 aaut
548 2403 648 2485 icitur,
668 2402 803 2464 coitura
818 2411 860 2464 est
873 2421 1053 2484 cognoscere.
1080 2398 1122 2460 M.
1135 2398 1176 2462 II.
1194 2397 1253 2462 106

97 2521 171 2564 cum
192 2521 306 2584 semper
328 2499 404 2564 matt
422 2502 513 2562 anan
534 2521 610 2562 cura
629 2503 731 2583 famul,
755 2522 794 2584 ca
804 2513 862 2564 rut.
880 2499 1012 2583 ,putlc'ce
1027 2502 1118 2584 pratus
1132 2495 1253 2560 c‘utuerc'.

96 2602 144 2666 ib.
167 2597 225 2664 XI.
242 2599 304 2663 810
323 2621 376 2661 uec
397 2600 492 2662 allum
513 2610 575 2664 tam
590 2601 789 2692 praecipuum
812 2597 887 2664 raeti
906 2599 1013 2663 exinde
1034 2598 1166 2662 studeam
1185 2597 1254 2678 suut,

52 2691 54 2696 ¹
97 2721 192 2785 quam
213 2698 342 2783 quotcilc'c
363 2699 533 2784 srupplr'aarc
555 2707 615 2765 etc.
656 2700 739 2763 Illud
766 2702 828 2782 Ap.
851 2699 912 2762 582
937 2699 1064 2782 fatigare
1086 2708 1111 2760 tc
1134 2717 1194 2761 aon
1213 2704 1256 2758 est

97 2799 260 2862 coaa'lr'um
280 2798 344 2860 iam
367 2804 470 2861 totum
493 2800 562 2863 fere
584 2799 616 2861 in
639 2799 730 2862 verbi
745 2800 909 2862 notionem
925 2797 1004 2860 abiit
1019 2815 1122 2880 neque
1143 2796 1183 2859 ab
1199 2815 1254 2878 op·

97 2897 188 2961 timis
209 2897 335 2980 quidem
349 2898 551 2980 repudiatum
574 2905 633 2963 est.
657 2898 764 2978 (Caes.
779 2899 812 2963 B.
830 2897 867 2964 G.
884 2899 912 2962 7.
923 2895 987 2981 26.)
1032 2893 1132 2960 Multo
1144 2895 1254 2977 plures

100 3018 144 3061 ex
160 2996 330 3061 adiectivis
348 2998 417 3080 apti
433 3007 515 3075 sunt,
542 2998 779 3082 rationevulgo
797 2998 836 3060 ad
853 2997 1096 3062 consuetudinis
1107 2996 1254 3062 Graecae

100 3095 344 3161 affectationem
366 3097 482 3178 relata,
506 3098 562 3162 sed
585 3117 718 3180 prorsus
741 3097 893 3180 expedite
916 3117 956 3161 ex
977 3096 1106 3180 legibus
1127 3096 1255 3179 linguae

98 3196 225 3259 latinae
249 3195 456 3277 explicanda:
480 3218 553 3260 nam
569 3197 712 3262 nimirum
733 3199 796 3261 vim
813 3196 964 3260 adiectivi
986 3202 1139 3260 coercent
1158 3203 1256 3278 atque

98 3294 257 3374 indicant,
282 3295 475 3361 adiectivum
497 3298 577 3362 illud
597 3317 663 3361 non
685 3297 805 3376 valere,
827 3299 890 3363 nisi
913 3297 954 3360 ad
974 3296 1134 3361 actionem
1155 3295 1255 3358 infini-

99 3395 173 3458 tivo
198 3394 411 3476 significatam
421 3405 602 3462 revocetur.
645 3397 748 3461 Minus
759 3398 927 3462 offendunt
940 3396 1123 3480 participia,
1137 3396 1256 3480 quippe

101 3513 189 3578 quae
212 3494 349 3558 actionis
362 3495 533 3568 ¹notionem
555 3497 657 3561 verbo
678 3496 901 3562 inhaerentem
924 3496 1092 3562 obtineant
1109 3495 1258 3560 medium-

101 3615 168 3679 que
191 3595 285 3678 quasi
305 3595 390 3658 inter
416 3596 550 3660 verbum
573 3602 606 3660 et
633 3596 816 3678 appositum
837 3597 942 3662 locum
964 3601 1139 3678 occupent:
1174 3595 1259 3659 velut

100 3691 144 3759 M.
160 3695 186 3759 Ι.
208 3695 248 3758 39
267 3703 372 3780 pateas
392 3695 502 3760 coelum
524 3697 675 3780 deponere.
697 3695 790 3764 Ouid.
801 3697 844 3763 ib.
858 3696 917 3762 IX.
933 3696 991 3762 661
1013 3717 1101 3760 canes
1123 3695 1260 3759 amacius

101 3792 220 3855 absecta
245 3812 301 3878 par
330 3813 418 3874 apros
443 3798 550 3860 ea'tare
577 3796 733 3863 cadavera.
766 3796 840 3863 VII.
869 3797 931 3862 494
958 3804 1115 3860 consuetus
1145 3794 1263 3858 concidi

24 3897 27 3976 i
98 3892 252 3976 fuscatum
276 3892 423 3976 denique,
442 3896 528 3976 quod
549 3896 709 3960 brevitate
732 3915 830 3980 aegre
852 3896 989 3960 ferenda
1012 3895 1130 3959 dictum
1151 3899 1203 3958 est
1217 3893 1259 3959 M.

102 3988 160 4057 IX.
184 3992 245 4056 672
267 3992 460 4080 confisusque
482 3995 516 4058 dc
531 3996 702 4080 impotentia
724 3997 814 4082 deque
835 3996 945 4060 carrlia
964 4016 1020 4058 cua
1041 3994 1202 4080 quidquam
1221 3993 1262 4058 ud

101 4111 279 4176 quemquam
299 4093 409 4176 referre
428 4095 633 4180 popularium.
657 4097 738 4160 Tum
753 4095 913 4178 vulgatius
930 4101 980 4159 est
997 4092 1111 4178 (Verg.
1128 4094 1205 4177 Or.)
1219 4091 1260 4160 M.

101 4191 163 4257 XI.
187 4193 256 4257 752.
282 4193 350 4257 731.
372 4191 414 4255 X.
437 4194 507 4259 695.
530 4189 585 4260 ΙΧ.
607 4195 677 4262 632.
706 4196 796 4259 VIII.
819 4195 881 4259 546
910 4205 1061 4279 ratusque
1081 4203 1165 4258 tauto
1183 4195 1260 4279 saci·

101 4291 178 4355 aori
195 4313 247 4355 uec
266 4290 401 4375 pladc'tau
426 4293 574 4378 sufficere
601 4294 663 4358 iam
690 4294 789 4359 multo
816 4294 921 4358 rarius
942 4290 983 4360 M.
1006 4294 1063 4360 IV.
1085 4294 1147 4358 244
1165 4302 1262 4356 ccrtm

174 4438 206 4508 1)
222 4438 358 4493 Omittere
385 4438 461 4492 nolui
485 4440 659 4509 infinitivum,
687 4443 811 4513 quamvis
836 4441 895 4494 eius
919 4440 1047 4511 exempla
1067 4442 1205 4513 permulta
1229 4457 1263 4496 ex

102 4523 229 4594 Apuleio
253 4522 400 4591 collegerit
423 4523 646 4594 adhibueritque:
672 4525 823 4580 GolenskI:
849 4525 883 4578 de
906 4525 1035 4579 infinitIvi
1059 4525 1130 4596 apud
1159 4528 1262 4596 poetes

103 4606 209 4661 latinos
227 4621 287 4660 usu.
305 4607 380 4659 Diss.
398 4607 504 4678 RegIm.
526 4607 597 4664 1861.
949 4633 952 4637 ·
