3128 5300
707 371 748 441 ll

157 577 238 642 fuit:
266 598 339 643 nam
362 583 402 666 et
422 578 523 642 verba
555 576 736 660 composita
756 595 822 640 non
844 580 966 640 tantum
993 576 1035 641 ob
1060 578 1314 660 praepositionis

158 679 434 760 compositionem
456 677 516 741 sed
539 683 675 759 propter
707 681 809 740 totam
836 676 971 740 formam
997 677 1218 742 memorabilia
1239 685 1314 746 sunt

155 776 414 862 (debcapedoitore)
437 784 471 841 et
497 777 655 859 simplicio
664 796 891 859 nonnunquam
905 776 1155 858 compositorum
1171 779 1313 862 speciem

156 881 281 958 gerunt
301 877 504 956 (concinnare,
532 877 692 958 abactam)
715 881 748 940 et
770 895 810 940 ex
833 875 991 940 iterativis
1013 895 1078 940 non
1099 897 1205 960 pauca
1225 879 1314 944 nulla

158 975 231 1038 alia·
253 997 298 1059 re,
334 996 428 1059 quam
457 976 642 1041 levissimae
674 975 929 1059 praepositionis
957 975 1163 1042 adiunctione
1192 984 1313 1043 novata

162 1081 241 1140 sunt
255 1076 445 1160 (propestore,
455 1077 671 1160 propensiore,
681 1078 883 1162 perreptare)
889 1095 899 1137 .·
919 1080 1094 1158 praeterea
1104 1077 1200 1142 etiam
1210 1079 1243 1142 in
1256 1101 1316 1146 usu

158 1195 276 1239 eorum
296 1197 362 1240 non
381 1181 447 1239 tam
467 1175 620 1259 profusus
643 1181 703 1256 est,
715 1181 751 1240 ut
766 1175 940 1258 separatim
966 1195 1007 1240 ea
1023 1175 1178 1257 colligere
1192 1197 1312 1260 operae

156 1277 300 1358 pretium
333 1277 382 1340 sit.
438 1273 653 1352 Quamobrem
688 1277 795 1341 omnia
821 1277 923 1340 verba
949 1275 1120 1358 deincepS,
1148 1276 1314 1342 literarum

157 1375 307 1439 ordinem
329 1377 442 1452 secuti,
472 1377 727 1444 enumerabimus
755 1398 848 1461 quam
877 1374 1116 1440 ordinatissime
1143 1377 1198 1461 ita,
1226 1377 1315 1441 utin

158 1494 287 1558 quaque
325 1476 422 1540 litera
459 1495 479 1538 a
513 1477 699 1558 compositis
736 1477 940 1560 seiungamus
980 1476 1138 1560 simplicia
1180 1481 1313 1560 antepo-

155 1579 286 1641 nentes.
331 1576 448 1640 Totum
469 1595 548 1639 vero
571 1577 632 1639 hoc
656 1577 696 1641 de
720 1576 914 1660 disponendi
934 1577 1062 1640 ratione
1083 1575 1117 1639 in
1138 1577 1250 1660 primis
1273 1576 1316 1641 ad
1416 1626 1421 1644 ,

157 1675 387 1740 declinationis
402 1676 525 1758 primae
541 1677 643 1740 verba
657 1681 795 1760 spectat,
817 1695 898 1759 quae
914 1676 1040 1760 reliqua
1055 1676 1221 1759 aliquanto
1237 1675 1314 1740 mul·

156 1775 300 1839 titudine
333 1781 540 1858 exsuperant.
589 1775 670 1840 Nam
696 1777 728 1840 in
760 1777 882 1859 primae
916 1775 1143 1842 declinationis
1172 1777 1316 1859 speciem

155 1880 226 1938 tam
248 1875 337 1938 facili
360 1896 453 1958 quam
474 1875 615 1940 naturali
635 1877 765 1940 fictione
788 1876 944 1940 formatur
959 1881 1062 1940 totum
1077 1895 1179 1959 genus
1197 1895 1317 1954 eorum,

158 1995 244 2058 quae
267 1977 307 2040 ab
330 1976 491 2060 appositis
512 1983 545 2040 et
568 1976 778 2040 substantivis
794 1975 980 2040 derivantur
998 1975 1234 2058 significatione
1249 1976 1316 2060 ple·

156 2096 294 2158 rumque
318 2077 513 2159 caussativa,
538 2096 670 2158 quorum
691 2075 875 2158 frequentia
897 2095 937 2139 ac
956 2075 1099 2141 varietas
1115 2081 1253 2158 augetur
1271 2077 1315 2140 di-

157 2195 327 2240 versarum
349 2176 626 2259 praepositionum
649 2174 842 2240 adiectione.
885 2173 980 2238 Haec
1004 2175 1161 2259 Apuleius
1183 2175 1319 2260 plurima

154 2276 293 2339 novavit
314 2278 363 2357 (ut
383 2276 425 2342 M.
442 2277 509 2341 l.38
530 2275 636 2340 Manes
653 2274 814 2338 subirloore
828 2273 926 2356 (Eun.
940 2275 1029 2356 Vitr.)
1043 2275 1111 2340 deos
1128 2276 1265 2360 infiscare
1278 2274 1318 2361 s.)

159 2375 258 2439 unius
298 2377 526 2442 concinnitatis
566 2375 672 2441 studio
705 2374 819 2438 ductus
852 2393 891 2437 ac
919 2374 1009 2438 facili
1035 2376 1199 2461 flexilique
1236 2377 1318 2441 deri·

158 2475 294 2538 vatione
316 2474 498 2558 perlectus:
522 2481 636 2540 contra
650 2476 768 2539 tertiae
788 2474 1017 2540 declinationis
1037 2477 1147 2559 verbo,
1171 2477 1317 2558 exceptis

156 2574 276 2656 paucis
297 2575 502 2658 inchoativis,
525 2577 639 2656 omnia,
664 2576 827 2640 secundae
851 2578 885 2637 et
900 2579 1033 2656 quartae
1054 2574 1211 2658 pleraque
1234 2595 1318 2640 com·

155 2674 324 2756 positione
341 2682 465 2740 tantum
486 2684 608 2741 novata
632 2683 715 2741 sunt.

245 2772 367 2851 Quibus
394 2777 581 2859 praemissis
596 2777 660 2840 iam
683 2773 907 2858 aggrediamur
929 2779 970 2838 ad
986 2777 1118 2855 primam
1140 2776 1323 2839 declinatio·

157 2893 243 2939 nem.
266 2876 373 2958 Atque
389 2876 424 2939 in
437 2876 529 2941 huius
544 2877 746 2959 potissimum
759 2874 869 2938 verbis
884 2893 1048 2958 persaepe
1065 2875 1323 2940 animadvertere
1370 2875 1372 2882 ’

155 2973 240 3036 licet
271 2973 386 3057 Apulei
418 2975 604 3040 liberiorem
639 2974 891 3056 usurpationem,
929 2995 1023 3058 quam
1061 2997 1154 3059 quum
1181 2976 1267 3040 infra
1287 2975 1321 3040 in

158 3075 297 3161 singulis
319 3075 420 3140 fusius
445 3075 579 3158 exsequi
601 3080 699 3158 atque
722 3074 887 3157 explicare
910 3095 1046 3140 necesse
1069 3078 1126 3158 sit,
1153 3076 1324 3141 nunciam

156 3180 195 3242 in
216 3179 397 3241 universum
418 3177 530 3259 paucis
555 3176 737 3260 significare
758 3175 891 3240 iuvabit.
929 3174 1058 3239 Etenim
1077 3178 1189 3258 verba,
1211 3177 1324 3260 quibus

157 3278 257 3362 vulgo
285 3277 388 3341 indita
415 3282 470 3340 aut
498 3276 692 3340 naturaliter
723 3276 836 3340 innata
871 3280 923 3340 est
947 3277 1095 3360 patiendi
1123 3277 1228 3357 notio,
1263 3297 1324 3359 pro

158 3379 332 3462 agentibus
359 3378 468 3460 posuit
497 3383 529 3440 et
555 3396 652 3442 versa
677 3375 749 3439 vice
771 3393 824 3455 ea,
854 3394 937 3458 quae
958 3377 1176 3440 accusativum
1197 3375 1324 3441 deside·

158 3486 245 3554 rant,
270 3477 420 3542 absolute
443 3477 530 3540 etin
551 3475 698 3559 patiendi
720 3475 863 3558 speciem
882 3477 1059 3558 usurpavit.
1089 3475 1203 3560 Neque
1226 3478 1323 3542 etiam

157 3599 266 3662 pauca
288 3583 372 3657 sunt,
397 3597 479 3660 quae
500 3577 582 3641 locis
606 3576 741 3640 dirersis
763 3574 835 3639 vioe
857 3577 1019 3640 ambarum
1032 3576 1204 3660 figurarum
1217 3579 1320 3642 varia·

158 3679 218 3745 vit.
258 3680 308 3742 De
328 3679 390 3742 hac
412 3683 517 3742 autem
539 3678 667 3742 activae
690 3681 723 3739 et
743 3676 898 3758 passivae
919 3677 1060 3742 notionis
1077 3679 1323 3744 commutatione

160 3779 343 3862 gravissimi
354 3780 507 3844 momenti
520 3783 580 3859 est,
598 3777 685 3860 quod
696 3775 818 3840 Gellius
826 3775 912 3844 Nn.
920 3778 1167 3845 XIH.12.l.nos
1190 3779 1324 3842 edocet:

162 3879 201 3942 Id
226 3899 338 3964 quoque
364 3879 497 3944 hobitum
526 3891 568 3944 est
593 3881 625 3943 io
652 3876 787 3940 oratione
806 3877 946 3961 [comodo
968 3877 1127 3962 elepoob'ae
1152 3899 1260 3963 penos,
1290 3888 1326 3942 ut

155 3999 218 4064 pro
239 3979 335 4044 vertas
356 3978 529 4044 tabentibus
547 3979 686 4064 potiendi
700 3978 833 4062 piperum
855 3979 972 4062 opertio
988 3989 1192 4064 ponerentur
1214 3977 1317 4042 doado

160 4077 233 4142 boec
249 4083 311 4143 vice
331 4081 409 4142 tltter
429 4101 459 4142 se
473 4089 582 4143 mutuo
602 4088 763 4142 coement:
783 4077 903 4142 ibidem
918 4068 1071 4144 nonnulla
1084 4079 1231 4162 exempla
1244 4099 1317 4164 pro·

160 4181 256 4264 ponit
277 4186 311 4244 et
328 4179 427 4244 multo
449 4180 554 4263 pluria
576 4200 612 4244 se
633 4180 797 4263 reperisse
808 4178 863 4260 „in
883 4184 1026 4243 veterum
1048 4178 1318 4263 scriptis“tradit.

161 4283 243 4346 Inde
263 4281 360 4364 igitur
375 4281 437 4346 hoc
450 4280 525 4344 mihi
539 4280 654 4343 videor
667 4280 736 4344 iure
753 4279 907 4364 colligere
922 4299 1030 4362 posse,
1050 4279 1138 4343 illum
1151 4284 1321 4347 verborum

161 4387 302 4446 mutuum
327 4403 417 4446 usum
445 4401 510 4445 non
538 4379 764 4464 neglegentiae
789 4399 863 4444 esse
884 4379 1096 4462 tribuendum,
1131 4381 1191 4446 sed
1211 4379 1319 4463 potius

163 4483 205 4546 ab
229 4503 268 4546 eo
292 4482 474 4546 affectatum
495 4485 626 4544 esseut
647 4481 914 4544 oblectamentum
930 4485 963 4543 et
978 4481 1212 4545 condimentum
1228 4479 1319 4562 quasi

163 4583 332 4650 orationis.
376 4581 441 4646 Sed
462 4583 526 4647 iam
547 4581 673 4664 singula
694 4580 933 4664 perlustremus.
