3128 5300
843 448 844 456 .
853 362 897 430 22
998 447 1005 466 .
1109 385 1112 404 1

303 557 410 632 minae
434 563 537 626 utero.
559 559 616 630 IV.
638 562 699 630 278
720 567 825 634 domus
846 571 928 636 oloeo
949 572 1070 654 receptis
1091 568 1151 655 (sc.
1168 571 1283 658 nobis).
1306 573 1373 656 VH,
1388 577 1451 643 461

292 659 412 743 poucte's
444 664 561 746 mappis
588 666 795 753 innuporotur
827 674 867 737 de
894 673 1053 738 latronum
1088 672 1168 736 duce
1198 673 1315 738 dietum
1343 677 1451 759 deque

299 779 411 823 eornm
433 782 526 826 manu
550 767 678 848 saepius
701 771 742 835 of.
766 772 817 838 VI.
840 773 910 836 444.
930 774 987 838 IV.
1007 775 1082 840 278:
1104 785 1191 857 secto,
1215 775 1374 859 collepr'um.
1395 777 1450 843 lV.

296 857 360 922 270
389 863 599 930 semivivorum
630 890 788 954 corporum
815 872 915 954 serino
949 874 1117 958 uousrnpiu
1144 875 1199 954 (de
1226 875 1334 956 ursis).
1360 877 1385 940 I.
1407 877 1451 942 43

298 960 403 1024 1111111
425 983 486 1026 non
505 969 646 1054 scrupulo
667 972 718 1034 sed
739 972 860 1036 lancea:
895 972 960 1036 alia
981 973 1022 1039 cf.
1037 974 1078 1039 M.
1099 973 1187 1039 VIII.
1209 973 1280 1041 557.
1302 977 1449 1042 111182.

298 1058 390 1124 VIII.
410 1062 482 1130 554.
520 1068 604 1133 Illud
626 1075 879 1136 commorsitontes
895 1074 987 1156 oculi
1010 1075 1052 1138 M.
1074 1074 1115 1140 X.
1139 1076 1200 1139 720
1228 1077 1372 1158 quamvis
1394 1097 1450 1140 nn·

297 1161 411 1228 dacter
433 1166 559 1231 dictum·
576 1171 628 1244 sit,
650 1176 756 1238 tamen
774 1173 875 1256 magis
890 1175 1062 1239 temerarie
1084 1175 1227 1240 sednon
1248 1174 1368 1239 insulse
1392 1176 1448 1240 de·

294 1262 399 1345 pingit
421 1265 578 1332 Venerem
605 1271 647 1337 M.
670 1272 710 1338 X.
735 1273 809 1338 745:
836 1294 917 1337 nunc
937 1276 1005 1338 mite
1029 1275 1249 1338 conniventibus
1274 1295 1355 1338 nnnc
1377 1297 1450 1340 ocrc

296 1367 543 1430 comminantibus
562 1374 668 1453 pestere
685 1374 809 1457 pupulis
831 1385 857 1436 11
877 1395 1093 1460 nonnunquam
1111 1375 1224 1439 sultare
1244 1375 1317 1438 solis
1336 1376 1449 1440 ocules:

294 1463 380 1544 quod
401 1465 545 1548 inaudite
570 1476 665 1553 atque
687 1474 781 1538 unice
809 1475 985 1558 cogitatum
1007 1484 1182 1560 putassem,
1211 1477 1243 1539 ni
1264 1475 1447 1541 Ennianum

203 1571 208 1604 r
293 1561 511 1632 adhibuissem
534 1569 635 1634 similo
659 1573 818 1654 quiddam,
841 1577 927 1657 quod
939 1577 1063 1642 Gellius
1079 1579 1172 1644 nobis
1188 1577 1332 1661 prodidit
1351 1576 1390 1642 N.
1403 1579 1446 1642 Α.

292 1657 414 1730 XVIII.
436 1666 465 1732 5.
490 1669 530 1732 10
550 1671 642 1734 oculis
662 1675 795 1757 equitare
816 1676 956 1739 cedemus.
1000 1677 1121 1742 Verum
1149 1677 1306 1745 eiusmodi
1328 1678 1447 1742 callida

293 1767 327 1826 et
346 1771 462 1848 arguta
483 1770 655 1837 translatio
675 1774 835 1840 interdum
858 1797 926 1840 oum
950 1777 1030 1841 durs
1038 1778 1200 1862 nimisque
1223 1780 1352 1843 detorta
1374 1798 1446 1844 sen·

291 1882 346 1928 sus
373 1865 591 1934 immutatione
620 1875 793 1939 coniuncta
820 1883 880 1960 est,
907 1877 997 1942 velut
1023 1879 1050 1944 si
1071 1879 1149 1943 dicit
1176 1879 1215 1943 V.
1238 1878 1446 1963 31911111

290 1977 448 2047 orpmtum
469 1973 576 2053 quasi:
595 1974 628 2036 in
643 1975 818 2040 bestiarum
835 1978 977 2060 speciem
991 1980 1221 2044 transformare
1241 1978 1309 2044 sive
1324 1978 1444 2043 bestia-

288 2085 358 2128 rum
378 2067 570 2154 imaginibus
593 2075 731 2142 caelare.

375 2165 456 2234 Sunt
475 2179 582 2236 autem
602 2180 668 2238 tam
689 2177 805 2242 multae
821 2179 912 2244 huius
934 2179 1053 2244 similes
1075 2179 1227 2244 dictionis
1238 2179 1457 2262 insolentiae„

289 2285 373 2348 quae
394 2289 461 2333 non
482 2272 566 2336 bene
589 2276 739 2356 poeticae
767 2281 819 2343 vel
840 2279 996 2363 figuratas
1019 2279 1175 2344 orationis
1210 2279 1332 2362 speciei
1354 2283 1441 2346 subi·

288 2365 422 2449 ciuntur,
443 2376 477 2434 ut
499 2375 672 2455 separatim
694 2377 735 2441 de
756 2379 797 2442 iis
821 2401 919 2463 agere
940 2375 1082 2444 ¹necesse
1114 2379 1164 2445 sit.
1208 2378 1304 2444 Cuius
1329 2383 1442 2465 partiS,

287 2486 382 2548 quam
403 2468 436 2532 in
458 2473 640 2538 universum
661 2481 699 2542 de
720 2482 907 2544 locutionum
927 2481 1172 2560 proprietatibus
1193 2499 1266 2544 esse
1282 2480 1439 2566 volumus,

285 2564 417 2632 difficile
434 2571 496 2636 erit
509 2573 677 2641 instituere
701 2599 739 2644 11
762 2600 892 2645 servare
916 2580 1059 2646 strictam
1081 2587 1115 2645 et
1136 2586 1318 2644 accuratam
1340 2602 1441 2664 quan-

285 2665 360 2730 dam
382 2668 642 2753 dispositionem:
665 2678 782 2762 itaque,
806 2685 841 2744 ut
862 2681 1011 2764 quodque
1031 2679 1165 2743 maxime
1188 2680 1325 2764 insigne,
1346 2703 1440 2764 prae-

285 2767 381 2849 cipua
403 2789 479 2835 cura
499 2792 578 2854 pree
602 2779 720 2842 ceteris
743 2779 909 2862 eligamus.
954 2782 1003 2843 Ao
1025 2780 1159 2862 primum
1184 2780 1344 2862 singulare
1368 2784 1439 2850 eius

285 2865 420 2933 studium
444 2871 478 2935 in
500 2894 540 2938 eo
563 2876 814 2960 observavimus,
848 2880 934 2962 quod
957 2881 1062 2945 eidem
1089 2881 1189 2945 verbo
1225 2881 1353 2948 diversa
1373 2885 1439 2951 duo

285 2969 446 3033 vocabula
473 2971 615 3040 libenter
642 2980 778 3062 apponit
799 2979 852 3061 ita,
885 2985 921 3043 nt
942 2981 1063 3064 duplioi
1094 2982 1220 3045 ratione
1250 2981 1284 3044 id
1305 2985 1439 3050 verbum

282 3068 412 3150 saepius
428 3070 632 3140 referendum
649 3079 691 3144 sit
706 3086 739 3144 et
752 3079 1049 3163 interpretandum:
1071 3081 1248 3145 cuiusmodi
1264 3086 1439 3152 enunciata

280 3187 497 3250 proponamus
521 3174 601 3240 haec
629 3179 696 3242 orsi
725 3199 744 3243 1
764 3179 1016 3262 vulgarioribus:
1043 3181 1086 3246 M.
1109 3177 1147 3246 X.
1172 3181 1232 3246 730
1249 3186 1437 3267 patrimonio

277 3267 450 3335 imminebat
469 3284 497 3336 11
517 3276 615 3358 copiti.
638 3277 711 3341 VII.
733 3277 796 3343 470
816 3278 968 3363 colligatos
989 3281 1058 3344 oe'no
1079 3284 1175 3366 mopis
1197 3302 1287 3367 quom
1306 3287 1436 3354 ronculis

276 3367 335 3433 IX.
358 3372 417 3436 661
440 3375 633 3458 suspendium
661 3401 729 3459 sese
742 3389 768 3442 11
789 3380 857 3442 totis
883 3379 943 3443 illis
965 3391 991 3444 11
1013 3380 1121 3465 lepibus
1143 3383 1290 3447 mandore
1309 3389 1435 3470 proclu-

277 3487 373 3532 mons.
402 3472 458 3539 VI.
482 3475 546 3540 445
568 3497 629 3541 non
650 3480 776 3565 pedibus
796 3479 849 3542 sed
869 3481 937 3543 totis
958 3483 1121 3544 cormesio
1143 3484 1206 3546 cim
1232 3487 1433 3553 1111111111-

276 3570 397 3632 teretrum
427 3573 452 3636 I.
476 3576 518 3640 43
539 3577 643 3642 iniecto
670 3599 731 3643 non
751 3580 892 3665 scrupulo
914 3580 966 3644 sed
987 3582 1091 3646 bonoso
1113 3583 1153 3648 V.
1184 3585 1246 3650 363
1274 3609 1312 3650 ea
1339 3590 1435 3654 oculis

275 3680 304 3730 et
323 3671 464 3736 mombus
485 3676 626 3741 oooluoit.
648 3678 688 3743 V.
711 3681 771 3745 327
794 3682 836 3744 od
843 3692 1006 3766 parentum
1017 3704 1142 3747 suornm
1156 3699 1340 3770 conspectum
1354 3693 1432 3776 offo-

275 3777 395 3855 tumqne
410 3787 621 3856 pervenerunt.
642 3779 700 3844 III.
730 3781 790 3845 183
816 3780 901 3843 domo
926 3781 1075 3866 bospitnm
1095 3807 1132 3848 oc
1159 3785 1256 3851 solute
1282 3798 1437 3858 communi

269 3880 414 3952 protecto.
437 3873 462 3936 I.
485 3874 523 3938 81
546 3896 649 3940 somno
670 3901 731 3944 nou
752 3880 814 3945 cibo
832 3891 988 3965 prorutus.
1011 3883 1052 3948 Π.
1069 3884 1126 3948 171
1147 3885 1226 3966 (me)
1248 3888 1318 3952 lecto
1340 3893 1433 3957 semul

274 3979 302 4032 et
320 3993 423 4037 somno
445 3975 568 4041 tradidi.
600 3980 643 4043 Π.
676 3982 725 4047 82.
759 3992 785 4043 11
811 4001 914 4044 somno
940 3981 1031 4045 umub
1050 4005 1178 4048 emersus
1200 3999 1227 4051 et
1243 3989 1354 4057 lectul.
1386 3995 1429 4057 H.

275 4070 335 4134 106
361 4084 387 4136 11
413 4075 505 4141 ollam
536 4089 563 4141 ct
593 4078 729 4146 lectulum
757 4135 763 4147 .
792 4132 800 4147 .
828 4130 836 4145 .
864 4093 984 4167 quatere
1005 4086 1088 4148 nooi:
1131 4107 1265 4169 quorum
1293 4093 1430 4160 alterum

274 4171 419 4237 obsceno
442 4194 541 4242 sensu
566 4179 813 4266 intelligendum
836 4189 895 4249 est.
935 4184 978 4248 Π.
1016 4185 1066 4251 98.
1097 4188 1130 4251 iu
1161 4208 1227 4254 mm
1254 4202 1280 4256 et
1309 4196 1430 4260 oculum

272 4281 299 4334 et
319 4273 456 4338 animum
477 4266 635 4364 detorquet.
683 4283 830 4366 Denique
859 4285 1072 4350 audacissima
1099 4288 1213 4353 eadem
1239 4293 1296 4357 illa
1322 4295 1428 4361 brevi·

162 4383 164 4396 ·
271 4375 339 4436 1111
361 4371 501 4455 positum
523 4387 573 4445 est
592 4381 634 4447 M.
652 4383 747 4450 165:
770 4385 832 4448 sine
849 4387 1028 4471 sote'potione
1046 4391 1097 4452 sui
1116 4388 1176 4471 (sc.
1197 4394 1285 4477 equi)
1308 4417 1352 4460 me
1365 4418 1428 4462 nore

272 4470 360 4538 dorso
382 4472 463 4538 illim
479 4478 531 4542 sed
551 4482 622 4546 ma's
643 4483 770 4549 nuribus
780 4499 939 4570 provecto:
961 4485 1002 4552 de
1022 4508 1071 4572 eo,
1084 4489 1136 4554 cui
1158 4495 1284 4561 comitis
1306 4497 1426 4582 lepidis

269 4573 517 4649 namatiunculis
538 4579 612 4653 vino
634 4583 804 4657 molestiae
826 4586 984 4660 levantur.
1006 4625 1049 4642 -
1076 4591 1270 4670 Huiusmodi
1290 4596 1424 4674 ludicris
