3128 5300
716 437 736 505 'l

140 642 227 708 nium
253 641 386 709 iuvenili
417 641 521 706 adhuc
551 641 668 706 ardore
702 641 928 707 inflammatum
953 640 1210 727 iuvenilibusque
1239 659 1292 707 cx-

143 743 316 809 sultautcm
331 743 483 809 licentiis.
520 742 617 808 Talia
636 741 690 824 qui
712 741 915 816 contradicit,
928 741 962 804 in
976 752 1117 808 mentem
1137 762 1293 808 revocare

142 863 281 910 necesse
305 850 365 927 est,
389 842 483 908 aliam
506 862 579 909 esse
601 841 738 908 hominis
755 843 850 906 aliam
870 841 1001 927 linguae
1017 847 1166 924 aetatem,
1188 863 1293 926 neque

142 943 176 1008 in
191 943 261 1028 hac,
278 964 361 1027 quac
373 943 506 1009 iuvenili
522 942 628 1008 animo
640 943 899 1027 aptaiuvenique
911 941 1051 1024 probata
1061 942 1134 1024 sint,
1158 961 1198 1006 ea
1219 961 1294 1008 esse

143 1043 294 1126 perlecta
316 1049 468 1128 certaque
498 1043 702 1109 florescentis
729 1043 861 1126 linguae
893 1041 1027 1106 indicia:
1061 1061 1143 1126 quae
1176 1043 1294 1126 potius,

146 1164 210 1228 quo
232 1145 335 1228 magis
358 1145 503 1211 senescit
525 1148 709 1228 quantoque
730 1143 858 1227 longius
882 1141 1025 1206 auctiva
1046 1141 1234 1208 sinceritate
1257 1162 1295 1208 ac

144 1243 352 1327 simplicitate
374 1244 562 1329 digreditur,
584 1263 625 1308 eo
646 1242 750 1326 magis
768 1243 810 1306 ad
831 1242 888 1306 illa
908 1240 1017 1305 inania
1031 1261 1070 1306 ac
1086 1241 1204 1306 frivola
1225 1243 1295 1308 sub-

144 1343 229 1410 sidia
249 1343 428 1427 coningere
452 1344 546 1427 solet,
575 1343 689 1426 quibus
710 1342 902 1408 iuvenenum
929 1340 1061 1424 ingenia
1081 1347 1201 1426 vegeta
1220 1342 1296 1406 vivi·

145 1444 251 1527 daque
274 1443 489 1510 oblectantur.
525 1443 755 1509 Gravissimum
782 1443 921 1525 denique
949 1447 1179 1526 argumentum,
1212 1442 1298 1526 quod

151 1535 243 1609 vet'at
269 1563 330 1610 nos
358 1543 664 1627 metamorphoseon
689 1543 791 1608 libros
827 1547 902 1607 ante
938 1540 1122 1625 apologiam
1158 1542 1298 1626 scriptos

145 1643 358 1727 exsistimare,
387 1644 548 1710 silentium
574 1643 657 1709 'dico
691 1648 915 1708 accusatorum
936 1643 977 1706 de
999 1640 1049 1707 his
1070 1641 1171 1726 libris,
1194 1661 1299 1706 rerum

144 1741 341 1829 magicardm
372 1743 578 1827 plenissimis,
612 1763 672 1827 pro
694 1763 783 1807 more
807 1761 866 1808 suo
888 1741 1025 1806 removit
1043 1737 1299 1807 Hildebrandins

146 1845 312 1929 facillimd
335 1844 613 1926 metamorphoses
636 1843 690 1906 diu
720 1842 781 1905 iarn
805 1840 1009 1924 conscriptas
1031 1840 1201 1923 Apuleium
1223 1846 1300 1924 post

146 1947 389 2012 accusationem
422 1944 549 2027 magiae
572 1943 697 2007 demum
734 1941 877 2006 edidisse
911 1940 1084 2006 affirmans.
1113 1940 1246 2005 Verum
1267 1941 1300 2005 in

62 2059 65 2066 ·
144 2031 195 2110 his
219 2046 353 2129 argutiis
375 2045 470 2110 nimis
502 2043 672 2110 subtilibus
704 2041 852 2106 morandi
878 2062 944 2106 non
971 2047 1098 2124 tempus
1130 2046 1190 2106 est.
1232 2041 1300 2103 Iam

144 2145 241 2226 enim,
264 2145 314 2210 his
336 2146 377 2210 de
401 2145 561 2209 varietate
588 2143 791 2226 Apuleianac
820 2141 973 2206 dictIonis
1000 2140 1143 2205 breviter
1166 2159 1299 2204 comme·

145 2245 289 2319 moratis,
312 2250 514 2310 transeamus
537 2243 578 2308 ad
593 2263 633 2307 ea
654 2243 877 2326 proponenda,
901 2241 1014 2324 quibus
1031 2241 1100 2306 eius
1116 2241 1300 2324 proprietas

146 2345 309 2409 contineri
323 2345 480 2427 videatur,
499 2363 539 2408 ea
555 2341 766 2425 potissimum,
786 2342 874 2406 cuius
885 2340 1138 2406 luculentissime
1154 2341 1298 2424 plenissi-

146 2463 261 2526 meque
285 2463 474 2526 expressum
497 2442 662 2526 exemplar
675 2442 835 2524 praebent
849 2441 1150 2524 metamorphoseon
1167 2441 1251 2504 libri.

234 2543 343 2625 Atque
376 2543 463 2610 illam
486 2544 614 2628 quidem
644 2543 774 2607 facilem
807 2542 1022 2624 mobilemque
1056 2547 1090 2606 et
1110 2543 1303 2607 uberrimam

150 2641 425 2726 imaginationem,
449 2664 512 2728 qua
534 2643 679 2710 omuibus
700 2642 867 2707 antecellit
886 2659 1032 2725 quaeque
1054 2661 1156 2725 genus
1173 2642 1302 2704 dicendi

151 2725 289 2824 prdtulit
309 2744 436 2808 unicum
467 2744 626 2827 uniceque
658 2741 876 2826 memorabile,
908 2762 1006 2827 supra
1036 2741 1303 2825 praedicavimus.

151 2839 338 2906 Periculum
360 2849 465 2907 autem
486 2843 555 2927 fuit,
577 2863 618 2907 ne
634 2843 696 2908 iste
717 2843 900 2927 Africanus,
930 2861 1022 2926 quem
1046 2841 1191 2926 diximus,
1215 2840 1304 2906 calor

152 2939 187 3004 in
205 2939 301 3006 inane
325 2948 538 3008 evanesceret
560 2943 718 3026 daretque
741 2943 876 3024 „furnum
895 2963 936 3008 ex
954 2942 1118 3027 fulgore“r
1140 2942 1226 3025 quod
1239 2961 1305 3006 non

153 3039 270 3105 vitavit
297 3043 356 3107 sed
387 3042 496 3125 potius
529 3043 569 3108 de
596 3042 756 3108 industria
787 3044 954 3126 appetivit.
995 3044 1076 3108 Inde
1098 3042 1153 3108 ille
1176 3043 1218 3106 ad
1238 3048 1305 3106 tae·

153 3139 242 3204 dium
262 3161 362 3225 usque
390 3142 546 3208 molestus
573 3142 690 3225 ubique
722 3148 828 3208 tumor
854 3163 1067 3227 sensuumque
1090 3141 1252 3208 volumina
1273 3147 1307 3205 et

154 3240 260 3304 verba
281 3246 441 3324 congesta
462 3261 500 3307 ac
525 3243 685 3308 cumulata
705 3243 876 3309 fastidiose
899 3245 941 3308 ad
961 3263 1029 3308 rem
1052 3243 1188 3308 eandem
1210 3241 1306 3325 signi·

152 3337 314 3403 ficandam
335 3361 445 3425 saepe,
468 3343 603 3408 maxime
625 3342 659 3407 in
681 3344 907 3410 describendo.
938 3343 1042 3409 Nemo
1064 3349 1138 3410 ante
1155 3340 1306 3420 eumfuit,

155 3437 212 3519 qui
233 3442 406 3523 tantopere
431 3437 581 3509 consulto
604 3450 637 3508 et
659 3444 806 3526 quaesite
842 3443 1022 3509 orationem
1044 3444 1221 3524 affectaret,
1244 3458 1306 3504 me-

154 3535 248 3602 lionis
272 3543 430 3609 sermonis
457 3545 564 3630 legum
590 3565 656 3610 non
677 3544 817 3629 nescius,
850 3549 959 3610 tantos
981 3545 1090 3610 verbis
1118 3541 1307 3610 sonantibus

153 3637 210 3702 vel
232 3657 292 3720 pro
313 3639 448 3708 libidine
471 3652 505 3710 et
524 3644 667 3710 inaudite
690 3643 837 3710 confictis
858 3645 912 3710 vel
937 3664 955 3709 e
976 3651 1146 3730 poetarum
1173 3664 1233 3709 usu
1255 3643 1307 3708 de·

153 3738 314 3821 promptis
336 3741 421 3806 vele
442 3763 539 3810 casca
560 3744 751 3827 antiquitate
773 3745 912 3828 arreptis
936 3751 1079 3828 sumptus
1094 3743 1306 3827 impenderet,
1370 3817 1372 3823 Ι

153 3842 331 3923 tantopere
353 3844 548 3927 argutiarum
569 3845 758 3909 minutarum
774 3844 938 3910 studiosus
953 3852 987 3909 et
1002 3845 1218 3910 arteficiorum
1238 3841 1307 3906 rhe-

153 3939 333 4004 toricorum
356 3947 445 4008 essct
466 3949 657 4010 ostentator.
702 3943 820 4009 Totum
842 3951 948 4010 autem
969 3947 1032 4012 hoc
1054 3965 1167 4031 genus,
1187 3943 1222 4006 in
1244 3960 1307 4026 quo

154 4037 312 4105 audacius
340 4061 379 4107 ac
400 4061 504 4128 prope
535 4043 740 4110 libidinosius
774 4046 887 4128 quovis
916 4046 989 4130 alio,
1025 4048 1084 4114 scd
1110 4064 1170 4129 pro
1196 4042 1307 4127 ingeni

153 4137 270 4222 vigore
292 4139 453 4206 uberrimo
477 4138 699 4229 speciosisque
722 4144 930 4212 facultatibus
955 4167 1021 4212 non
1047 4147 1216 4210 invenuste
1237 4162 1307 4208 ver·

154 4243 248 4302 satus
272 4243 331 4317 est,
355 4261 419 4306 nna
439 4262 510 4307 cum
532 4250 720 4328 argumento
743 4266 802 4310 suo
825 4266 867 4310 ex
888 4245 1027 4312 Graecia
1048 4246 1241 4328 deportasse
1263 4239 1307 4306 vi·

154 4337 265 4404 detur.
300 4337 370 4418 Qui
384 4341 471 4407 circa
486 4341 646 4408 Hadriani
663 4350 697 4410 et
709 4345 944 4411 Antoninorum
958 4350 1106 4429 tempora
1126 4343 1171 4410 ibi
1186 4360 1306 4412 summa

154 4439 265 4522 gloria
279 4443 313 4504 et
334 4441 526 4507 auctoritate
541 4443 728 4528 floruerunt,
751 4449 910 4527 sophistae
921 4448 1056 4512 minores
1076 4444 1144 4512 sive
1161 4441 1304 4524 secundi,

154 4559 269 4602 eorum
290 4540 404 4620 oratio,
433 4561 515 4624 qnae
534 4548 672 4607 vocatur
693 4545 956 4628 demonstrativa,
984 4547 1082 4612 multa
1102 4547 1201 4614 habet
1222 4565 1304 4612 com·

153 4639 348 4704 maniacum
371 4641 520 4724 Apuleio.
558 4641 638 4706 Nam
661 4645 782 4710 tumida
797 4652 830 4709 et
850 4646 971 4710 lasciva
992 4647 1134 4712 dictione
1149 4647 1227 4714 nihil
1242 4647 1304 4716 nisi
