3128 5300
720 448 758 512 17

150 647 350 730 linguaeque
374 665 491 712 cassae
515 647 631 712 studio.
675 649 815 714 Diversa
837 651 943 711 autem
957 649 1092 713 'fuerunt
1114 653 1313 736 singulorum

151 752 220 810 tam
242 747 373 830 ingenia
395 767 488 829 quam
511 747 617 810 studia
631 747 824 832 multumque
838 767 857 812 a
871 747 1037 813 Frontone
1056 751 1181 818 Gellius
1198 753 1310 836 distat,

84 847 95 863 ⁸
151 853 190 910 ut
218 847 400 911 omittamus
433 846 618 928 Apuleium:
656 868 788 929 quorum
817 849 908 932 prior
936 850 978 912 ad
1005 849 1089 916 ldnni
1120 859 1153 918 et
1178 852 1311 918 Oatonis

152 946 300 1028 inprimis
324 947 433 1008 duram
455 946 641 1010 virilitatem
665 948 845 1030 adspirans,
874 971 937 1033 qua
966 959 1037 1015 erat
1064 953 1173 1036 ingeni
1204 953 1314 1018 sobria

151 1046 312 1110 tenuitate
335 1046 414 1108 nihil
434 1045 505 1130 ipse
529 1066 570 1109 ex
593 1067 627 1110 se
646 1049 834 1130 concipiens
858 1050 915 1114 sed
931 1056 1019 1117 totus
1040 1053 1073 1115 iu
1091 1053 1313 1116 obsoletorum

151 1151 335 1228 temporum
358 1145 584 1209 recordatione
607 1149 743 1228 positus,
761 1167 901 1230 operose
919 1169 960 1214 ex
974 1152 1091 1234 priscis
1113 1153 1310 1218 lectionibus

153 1246 374 1329 inelegantem
397 1246 637 1308 consarcinavit
663 1248 854 1325 orationem,
904 1250 987 1314 alter
1017 1250 1158 1316 Plautini
1186 1252 1310 1334 leporis

153 1345 362 1426 simplicitate
386 1351 499 1427 captus
523 1346 564 1408 ad
587 1345 781 1408 comicorum
802 1347 1014 1414 imitationem
1029 1371 1102 1416 sese
1121 1353 1306 1435 applicavit,

154 1467 198 1508 ex
221 1445 335 1526 quihus
358 1445 511 1510 inusitata
527 1445 615 1535 dicta
636 1445 775 1510 insnum
796 1467 888 1511 usum
912 1469 946 1513 se
961 1457 1095 1516 notasse
1115 1451 1187 1534 ipse
1208 1453 1313 1516 refert

152 1543 196 1608 N.
208 1545 247 1608 A.
262 1545 320 1611 ΙΠ.
333 1545 374 1609 3.·
386 1544 530 1607 nimirum
552 1549 588 1608 ut
609 1545 718 1626 prisco
736 1547 874 1627 quodam
889 1549 1000 1614 colore
1015 1559 1226 1635 respergeret
1244 1574 1313 1617 ora-

153 1646 289 1710 tionem.
332 1645 445 1728 Longe
466 1645 560 1708 aliter
575 1644 731 1727 Apuleius
747 1653 896 1712 versatus
912 1654 972 1730 est,
989 1650 1043 1730 qui
1059 1652 1202 1732 quamvis
1215 1652 1314 1715 multa

154 1753 191 1808 et
205 1747 345 1808 fortasse
367 1745 469 1826 plura,
490 1765 581 1828 quam
595 1745 697 1828 primo
711 1747 869 1828 adspectu
890 1747 1047 1832 videatur,
1071 1751 1203 1834 antiqua
1222 1772 1312 1834 pror·

155 1865 276 1927 susque
302 1843 450 1907 obsoleta
472 1846 572 1908 verba
595 1848 766 1929 receperit,
796 1855 902 1912 tamen
933 1849 1128 1930 aliquantum
1148 1853 1188 1914 ab
1212 1853 1309 1916 orati·

154 1946 229 2009 onis
252 1947 362 2028 prisca
385 1945 521 2026 quadam
551 1946 661 2026 specie
694 1953 837 2012 remotus
868 1953 927 2013 est.
991 1948 1223 2030 Nequeenim
1255 1951 1313 2014 illa

154 2046 358 2128 antiquitatis
387 2043 584 2106 verecundia
612 2045 744 2128 eiusque
784 2048 943 2113 castitatis
979 2047 1192 2114 admiratione
1228 2069 1312 2113 com·

153 2152 271 2228 motus,
296 2165 358 2228 qua
373 2144 496 2208 Fronto
519 2145 587 2226 fuit,
604 2145 732 2226 priscae
747 2148 989 2212 consuetudinis
1007 2150 1106 2212 verba
1119 2150 1306 2214 revocavit:

154 2247 215 2312 sed
239 2257 273 2310 ut
295 2266 405 2309 eorum
427 2245 590 2310 illecebris
614 2246 793 2310 orationem
817 2249 913 2312 docte
937 2256 1120 2326 exornaret,
1144 2250 1308 2313 rhetorum

152 2353 337 2430 praecepta
359 2351 498 2426 secutus,
529 2367 594 2410 non
624 2346 720 2409 aliter
745 2353 841 2430 etque
866 2369 936 2412 eam
959 2351 1106 2414 omnibus
1129 2349 1311 2413 rhetoricae

152 2446 235 2510 artis
264 2445 523 2527 exquisitissimis
545 2433 708 2509 munditiis
737 2447 906 2533 distinxit„
941 2450 1054 2532 ltaque
1069 2451 1176 2513 'miror
1198 2449 1303 2512 Ruhn-

152 2547 286 2610 kenium
307 2546 340 2607 in
355 2545 559 2628 praefatione
583 2547 735 2612 editionis
749 2547 1043 2632 Oudendorpianae
1066 2552 1113 2612 ita
1134 2549 1175 2612 de
1197 2549 1258 2611 hac
1272 2569 1308 2612 re

153 2646 369 2710 disseruisse:
404 2656 520 2708 tautum
555 2645 653 2728 efficit,
675 2659 709 2710 ut
737 2648 797 2712 ate·
819 2651 851 2710 iu
872 2649 927 2713 hoc
946 2671 1050 2734 genere
1071 2659 1254 2734 temperaret,
1276 2663 1312 2711 ut
1372 2643 1376 2652 ⁴

147 2748 294 2830 putrere
320 2767 405 2808 curce
434 2755 577 2806 vetustate
604 2751 769 2810 cretionem
798 2749 938 2832 constaret
964 2751 1016 2814 vel
1043 2751 1071 2816 si
1093 2749 1203 2832 paullo
1226 2749 1311 2812 infra
1403 2780 1406 2789 ·

152 2847 187 2910 ei
227 2845 312 2908 medo
340 2865 407 2907 eum
442 2843 579 2908 Cr'cereoe
606 2856 633 2907 et
662 2848 808 2910 similibus
840 2850 930 2912 medo
959 2871 1026 2912 cem
1050 2849 1191 2912 Euandri
1216 2859 1312 2910 uentre

151 2947 246 3028 loqui
267 2947 404 3010 videtur.
460 2945 525 3011 sed
555 2946 582 3010 si
609 2951 712 3009 totum
740 2947 891 3012 dictionis
908 2953 1065 3016 ,tenorem
1093 2949 1233 3032 priscum
1257 2954 1311 3011 aut

152 3047 197 3109 ad
220 3047 392 3110 vetustatis
424 3045 635 3108 imitationem
668 3046 855 3127 adaptatum
877 3068 950 3113 esse
980 3069 1145 3132 negamus,
1183 3069 1223 3113 eo
1244 3067 1310 3110 non

150 3144 334 3217 infitiamur,
349 3152 438 3209 totos
457 3145 599 3208 refertos
622 3165 695 3208 esse
719 3144 819 3209 libros
843 3149 963 3214 veteris
987 3149 1230 3214 consuetudinis
1254 3168 1307 3211 vo·

152 3245 248 3308 cibus
264 3245 598 3328 proprietatibusque5
623 3265 715 3328 quae,
729 3267 791 3328 qua
805 3249 1105 3331 rationeaptissime
1121 3254 1310 3326 tractentur,

151 3347 190 3409 in
200 3344 292 3409 initio
309 3346 410 3428 partis
428 3346 607 3428 eius,quam
622 3346 766 3409 breviter
782 3348 1021 3429 grammaticam
1038 3349 1184 3421 diximus,
1199 3347 1310 3430 paucis

154 3445 402 3528 explicabimus.

239 3546 421 3610 Proximum
445 3552 503 3626 est,
525 3552 561 3608 nt
583 3547 622 3609 de
645 3546 847 3628 proprietate
871 3547 1041 3629 scriptoris
1065 3548 1107 3610 ad
1127 3549 1311 3612 universnm

152 3645 313 3716 orationis
343 3647 486 3710 colorem
515 3647 644 3728 gravius
671 3645 854 3727 pertinente
883 3667 978 3729 quam
1009 3649 1049 3711 ad
1069 3647 1198 3731 linguae
1221 3669 1312 3712 usum

152 3747 406 3829 grammaticum,
431 3747 637 3812 disseramus.
687 3747 734 3808 Ex
761 3753 922 3826 poetarum
950 3747 1032 3811 enirn
1060 3747 1213 3812 thesauro
1242 3766 1308 3810 non

152 3835 277 3910 tantum
290 3847 449 3930 permulta
462 3848 561 3910 verba
578 3846 748 3926 depromit,
772 3847 831 3910 sed
858 3847 954 3910 etiam
976 3867 1036 3929 per
1046 3853 1148 3911 totam
1161 3846 1310 3910 enuncia·

152 3947 278 4010 tionum
293 3953 408 4012 seriem
428 3949 467 4010 ad
481 3969 590 4012 eorum
603 3946 654 4010 vel
676 3945 841 4028 copiosam
863 3953 1066 4012 venustatem
1084 3948 1136 4011 vel
1157 3946 1314 4030 grandem

154 4047 381 4112 excelsitatem
409 4049 588 4113 adscendit.
622 4050 738 4130 Atque,
762 4067 843 4130 quae
866 4055 936 4110 erat
955 4053 1089 4110 naturae
1102 4047 1171 4110 eius
1187 4046 1314 4109 fervida

153 4147 311 4212 alacritas
320 4149 751 4229 acprofusaubertas,hocei
763 4148 941 4211 cavendum
948 4147 1016 4224 fuit,
1031 4167 1070 4210 ne
1080 4145 1312 4210 sententiarum

153 4269 196 4310 ac
210 4249 380 4312 verborum
393 4248 489 4311 nimia
502 4250 715 4312 cumulatione
736 4268 772 4312 ac
788 4247 948 4311 varietate
963 4247 1161 4328 opprimeret
1175 4246 1311 4310 deleret·

153 4368 220 4430 que
229 4349 383 4414 orationis
392 4348 604 4431 elegantiam:
627 4350 659 4412 in
668 4349 753 4430 quod
767 4347 877 4411 vitium
890 4367 969 4430 prae
981 4345 1092 4428 ingeni
1107 4346 1308 4427 „nimietate“

153 4449 213 4530 (sit
220 4449 315 4512 venia
332 4448 490 4512 vocabulo
508 4447 705 4530 Apuleiana)
717 4448 834 4531 ubique
848 4448 917 4512 fere
937 4446 1060 4512 incidit.
1083 4443 1310 4508 Libentissime

152 4548 596 4631 autemuheraeimaginandi
606 4547 952 4628 indoliluxuriantique
967 4545 1176 4611 describendi
1191 4543 1253 4606 arti
1266 4543 1312 4605 in·

152 4649 271 4734 dulget
286 4649 503 4732 sophistarum
514 4669 612 4732 more,
623 4647 657 4712 id
667 4650 754 4731 quod
771 4667 868 4730 supra
885 4645 1251 4722 commemoravimus,i11
1258 4645 1310 4708 de·

1080 4759 1097 4814 3
