3128 5300
857 402 905 483 ’46

310 639 393 705 quae
410 591 579 684 Ciceronis
593 617 689 680 etiam
701 635 782 698 puro
797 615 938 681 sermoni
950 617 1089 698 probata
1099 621 1179 692 suut,
1195 615 1324 683 ablativi
1334 622 1461 683 tantum

306 721 411 785 forma
430 717 644 802 reperiuntur.
686 715 805 780 Verum
827 723 960 799 praeter
982 716 1153 780 ablativum
1173 719 1280 801 multa,
1303 739 1385 802 quae
1410 724 1462 783 est

308 840 419 884 eorum
439 824 555 882 natura
576 817 617 879 ad
640 817 731 879 verbi
751 817 913 881 rationem
932 837 1026 900 quam
1048 817 1191 898 proxime
1216 819 1392 900 accedens,
1415 821 1460 880 iu·

303 919 417 1003 primis
447 917 545 981 tertio
576 935 654 980 casu
685 923 839 1000 usurpata
872 925 1033 1000 apparent
1065 917 1151 980 velut
1184 915 1223 983 M.
1240 918 1263 983 l.
1280 919 1328 983 72.
1364 919 1461 980 oleam

298 1013 464 1082 ’66616666
483 1017 574 1080 lebtea
596 1019 691 1080 terrae·
711 1065 718 1080 .
742 1064 749 1078 .
766 1018 871 1103 profer
893 1021 1010 1083 ociter:¹
1027 1017 1111 1100 quod
1134 1017 1279 1099 pluribus
1302 1016 1460 1099 exemplis

306 1117 534 1192 illustrabitur,
562 1117 616 1180 ubi
644 1119 683 1181 de
712 1118 819 1182 dativo
846 1118 948 1183 fusius
971 1117 1033 1181 erit
1055 1117 1286 1182 disserendum.
1308 1115 1461 1181 Notionis

307 1219 413 1283 levem
433 1215 623 1280 varietatem
646 1218 886 1282 observavimus
908 1219 940 1281 in
955 1217 1115 1282 vocabulo
1130 1225 1280 1301 repertur:
1301 1223 1354 1282 est
1375 1217 1461 1280 enim

307 1324 375 1384 tum
397 1316 466 1380 fere
488 1324 651 1398 repertum
672 1316 797 1384 11661.
815 1319 862 1383 10.
885 1315 925 1384 M.
937 1314 992 1384 XI.
1006 1319 1075 1400 777,
1101 1323 1168 1380 tum
1190 1336 1259 1380 cum
1279 1315 1460 1399 particulae

307 1438 357 1482 re·
387 1415 639 1500 significantiore
667 1419 700 1480 vi
726 1419 864 1501 positum
893 1423 944 1484 est
969 1415 1073 1482 MXI.
1082 1417 1150 1482 754.
1176 1415 1259 1480 Ceres
1282 1465 1287 1477 .
1311 1465 1318 1482 .
1340 1425 1462 1500 reperta

311 1521 424 1583 laetata
447 1515 537 1599 filiae.
576 1516 702 1581 Deinde
731 1528 846 1602 reatae,
882 1518 969 1600 quod
996 1523 1127 1582 auctore
1157 1516 1353 1594 Quintiliano
1379 1516 1461 1581 Inst.

310 1617 495 1683 VIH.?.34.
524 1636 543 1678 a
568 1613 720 1682 Messalla
748 1620 878 1683 civitate
904 1619 1120 1683 condonatum
1148 1623 1213 1694 est,
1242 1617 1398 1699 Apuleius
1427 1621 1463 1679 et

309 1719 452 1802 legitime
479 1719 646 1799 usurpavit
671 1719 710 1781 de
741 1726 826 1784 statu
857 1719 906 1783 rei
932 1715 972 1783 M.
983 1718 1009 1783 I.
1021 1717 1072 1783 55.
1088 1717 1147 1782 111.
1162 1718 1230 1782 184.
1262 1724 1295 1781 et
1331 1717 1463 1780 deflexit

310 1820 419 1904 paullo
440 1817 707 1902 amplificavitque
727 1819 780 1892 ita,
798 1825 832 1883 ut
853 1826 918 1883 tum
934 1820 1054 1882 crimen
1074 1819 1261 1901 culpamque
1282 1818 1385 1900 ipsam
1405 1813 1461 1896 (M.

311 1921 378 1986 VII.
390 1916 481 2003 462),
504 1919 721 1982 tumhabitum
743 1921 791 1984 rei
814 1921 979 1985 sordidum
991 1938 1030 1982 eo
1053 1917 1250 2001 significaret
1267 1914 1307 1982 M.
1318 1913 1374 1982 IX.
1388 1917 1460 1982 650.

310 2021 418 2086 mulier
445 2026 533 2082 reaia
555 2023 689 2104 miraque
710 2005 830 2086 tre‘stite'e
850 2023 990 2105 deformet
1011 2023 1158 2104 apparari
1171 2019 1264 2104 aetra
1287 2019 1461 2082 centunculo

311 2124 494 2187 semiame'cla
520 2124 582 2185 etc.
620 2121 767 2204 Denique
795 2121 875 2184 haec
905 2121 967 2184 duo
997 2119 1157 2183 vocabula
1177 2139 1257 2202 quae
1281 2119 1365 2182 inter
1385 2119 1460 2181 reli-

313 2242 445 2307 quorum
472 2221 616 2284 ordinem
638 2241 703 2284 nou
730 2223 923 2305 recepimus,
945 2222 996 2285 hic
1020 2219 1187 2284 addamus:
1211 2240 1292 2303 quae
1317 2219 1461 2302 quamvis

313 2322 430 2386 Cicero
459 2321 518 2384 sibi
534 2315 732 2405 sumpserit,
765 2328 872 2385 tamen
898 2323 927 2387 is
953 2326 1085 2404 praeter
1110 2320 1281 2404 Apuleium
1310 2319 1398 2384 solus
1427 2325 1463 2380 et

311 2429 477 2504 utrumque
501 2421 597 2484 semel
620 2424 741 2484 tautum
763 2419 1237 2506 hauettl.1v.273rapaaas
1259 2423 1304 2502 (u
1325 2419 1462 2485 N.D.ll.

311 2521 454 2604 55.136.)
476 2519 603 2587 Minu.
626 2521 767 2585 deductas
789 2519 870 2601 (Cic.
883 2521 1039 2604 611114).
1061 2559 1100 2567 -

395 2623 645 2705 Progrediamur
666 2621 782 2686 deinde
804 2623 845 2686 ad
868 2643 909 2686 ea
929 2623 1095 2703 vocabula,
1116 2641 1197 2705 quae
1219 2621 1252 2684 in
1274 2659 1315 2666 -
1334 2641 1406 2685 men
1428 2625 1464 2684 et

312 2759 352 2772 ·-
374 2731 510 2789 mentum
532 2722 690 2806 desinunt,
714 2741 795 2805 quae
812 2730 947 2806 propter
960 2725 1065 2807 ipsam
1078 2723 1309 2805 longitudinem
1323 2721 1463 2804 pondus-

315 2844 375 2908 que
399 2823 522 2889 sonitus
545 2822 662 2906 gravis,
686 2843 747 2908 quo
763 2822 893 2888 auribus
910 2824 1097 2903 inferuntur,
1122 2823 1295 2888 studiosius
1306 2821 1463 2904 Apuleius

315 2931 429 2990 noster
462 2923 588 2986 videtur
622 2928 783 3005 captasse.
825 2923 963 2987 Accedit
990 2930 1161 3006 praeterea
1193 2922 1326 2986 rarioris
1354 2920 1462 2983 termi-

312 3021 453 3089 nationis
476 3024 753 3102 oblectamentum,
777 3043 867 3107 quae,
885 3022 948 3086 nisi
959 3024 992 3086 in
1006 3024 1181 3089 vetustiore
1194 3023 1313 3105 lingua,
1334 3021 1463 3084 minime

313 3126 466 3206 frequens
489 3129 548 3188 est.
590 3124 628 3187 In
648 3124 809 3188 nonnullis
832 3124 979 3207 maxime,
1003 3145 1084 3209 quae
1107 3125 1222 3186 in-men
1244 3123 1388 3185 finientia
1406 3141 1463 3184 no·

312 3227 396 3291 viter
418 3223 579 3302 confinxit,
603 3223 857 3287 animadvertere
880 3224 966 3300 licet,
987 3245 1101 3288 novam
1117 3223 1373 3288 terminationem
1384 3222 1464 3285 nihil

314 3329 384 3392 fere
405 3328 590 3389 immutasse
613 3323 786 3408 notionem,
810 3325 868 3389 sed
891 3326 1214 3390 arcessitamtautum
1230 3329 1352 3388 esseut
1367 3324 1463 3386 inane

314 3426 469 3492 orationis
498 3429 715 3490 ornamentum
742 3424 838 3507 idque
869 3425 945 3488 inde
974 3427 1069 3489 etiam
1094 3425 1215 3508 patefit,
1247 3424 1333 3506 quod
1356 3423 1463 3486 huius-

311 3519 399 3591 modi
411 3526 552 3589 rariores
570 3523 674 3589 exitus
690 3526 863 3606 praecipue
881 3526 1050 3590 cumulavit
1064 3519 1463 3609 (annumerasse.)

312 3627 401 3691 Flor.
415 3624 472 3689 IV.
488 3625 537 3689 86.
555 3623 749 3690 6666616666
765 3647 789 3693 6.
816 3627 857 3692 M.
869 3625 928 3693 XI.
940 3629 1009 3695 776.
1022 3628 1082 3692 803
1099 3631 1254 3692 ame‘ce'mea
1269 3626 1306 3688 A.
1321 3620 1376 3687 Χ1.
1392 3622 1463 3687 768.

313 3727 375 3793 816
395 3726 524 3810 affamen
543 3723 581 3789 A.
593 3719 648 3788 XI.
665 3725 734 3791 770.
754 3747 932 3792 coronamen
954 3749 979 3794 s.
1001 3728 1080 3794 DSr.
1098 3728 1166 3792 124.
1185 3745 1375 3788 coruscamen
1388 3721 1463 3786 Ful·

314 3832 402 3911 gent.
424 3825 512 3889 Illor.
527 3825 552 3888 1.
567 3824 596 3888 5.
614 3817 748 3890 doldmen
764 3848 789 3892 s.
806 3827 991 3911 Ανεχὸμενος
1013 3829 1078 3910 (ed.
1102 3827 1247 3891 Hildebr.
1259 3824 1301 3890 11.
1317 3844 1371 3906 pg.
1388 3821 1462 3902 614)

314 3926 490 3990 delectamea
503 3945 527 3989 s.
543 3924 680 4005 Aptssss.
689 3927 887 4008 sorme'dumen
902 3950 926 3994 6.
938 3929 1121 3994 Μ.Χ1.773.
1138 3922 1463 4004 linteamenLamprid.

313 4025 404 4090 Hier.
420 4027 461 4091 II.
479 4025 548 4089 140.
563 4045 752 4109 praesepmen
767 4028 870 4093 Plaut.
886 4030 957 4092 Aul.
970 4031 1012 4094 11.
1027 4031 1056 4092 4.
1070 4030 1119 4095 33.
1135 4029 1284 4110 Fulgeut.
1304 4019 1463 4087 1186172.

308 4123 440 4209 polimea
452 4125 573 4190 Arncb.
590 4125 630 4190 M.
645 4128 697 4192 IV.
712 4129 782 4193 213.
794 4131 940 4192 aeramen
956 4150 980 4194 s.
1003 4129 1028 4194 I.
1043 4129 1090 4193 17.
1112 4147 1308 4192 susurramen
1319 4123 1366 4210 M.
1384 4121 1463 4202 Cap.

314 4223 371 4289 VI.
387 4224 456 4289 385.
484 4225 635 4291 calcamen
658 4247 681 4293 s.
705 4227 834 4311 (glebae
859 4226 1010 4310 Siculae).
1033 4229 1202 4295 F101·.1.5.
1223 4230 1350 4312 sepimen
1374 4243 1397 4288 s.
1421 4222 1463 4286 M.

315 4322 388 4389 VII.
407 4324 478 4390 470.
501 4336 663 4409 spectamen
687 4329 777 4410 quasi
801 4330 1018 4410 spectaculum
1040 4330 1093 4392 vel
1115 4349 1305 4410 scenaque
1326 4345 1407 4390 voce
1430 4324 1463 4384 iu

314 4423 425 4506 primis
452 4423 643 4510 delectatur,
670 4428 779 4510 posuit
799 4428 839 4493 cf.
862 4428 903 4496 ib.
925 4429 981 4492 lV.
1003 4430 1072 4494 282.
1095 4432 1236 4493 miseram
1260 4430 1465 4512 funestamque

314 4534 479 4621 spectamen
501 4527 638 4615 adspem':
667 4529 752 4614 quod
779 4533 910 4619 praeter
932 4549 1001 4594 eum
1022 4529 1157 4592 Plautus
1179 4531 1344 4612 usurpavit
1365 4532 1462 4608 solus,
