3128 5300
808 393 853 464 68

202 584 206 592 “
251 605 308 670 ma
322 603 456 686 cepaea
473 596 586 663 Graece
607 596 697 663 latine
705 598 843 684 proprisi
855 608 882 663 et
896 597 1075 684 elepeete‘des
1088 598 1238 672 vocabulis
1257 601 1408 666 conserte

254 710 287 770 et
304 705 347 769 ib.
368 701 445 767 481:
474 701 507 764 ie
528 699 633 785 quibes
660 698 873 782 (suscriptis
898 697 992 784 meis)
1023 700 1240 764 animadvertes
1266 722 1335 766 aem
1363 723 1410 766 res

253 805 372 889 cepada
392 821 484 864 raros
506 810 570 864 tem
594 801 718 864 aomehe
740 799 830 861 aarum
852 797 999 865 Romanis
1027 802 1172 864 charitate
1195 810 1223 863 et
1242 801 1274 864 ia
1295 801 1411 865 hodia-

253 925 337 979 aam,
357 900 438 988 qaod
454 902 558 976 acram,
581 902 699 984 absecta,
722 921 757 961 ea
779 909 877 964 tamea
904 902 1027 964 nemeae
1050 901 1150 965 labore
1174 921 1237 964 mee
1260 912 1287 964 ct
1312 901 1414 964 stadio

254 1003 357 1070 itudo
381 998 505 1065 Graecis
525 1001 685 1087 proeeee're
706 1008 740 1062 et
761 1008 857 1062 temen
884 999 979 1064 luteae
1005 1013 1122 1064 menete
1146 1021 1288 1086 percusse
1307 998 1414 1086 anst).

256 1105 318 1169 Est
341 1107 448 1167 autem
469 1100 550 1166 haec
567 1099 736 1183 scriptoris
754 1102 944 1184 ceteroquin
959 1101 1251 1167 immoderatissimi
1265 1101 1298 1164 in
1315 1101 1414 1166 Grae-

259 1224 370 1269 corum
391 1201 623 1266 vocabulorum
650 1220 711 1264 usu
738 1206 806 1264 arte
836 1200 1079 1286 circumscripta
1101 1202 1280 1268 moderatio
1309 1202 1416 1264 admo·

260 1304 334 1368 dum
356 1300 583 1380 memorabilis,
618 1301 811 1382 praesertim
841 1323 934 1384 quum
965 1302 998 1365 in
1019 1304 1170 1367 universa
1201 1301 1354 1385 iungendi
1378 1321 1417 1364 ac

261 1400 407 1469 struendi
431 1400 560 1464 ratione
583 1404 648 1462 tam
676 1399 776 1464 multa
798 1421 838 1464 ex
860 1401 1057 1466 Graecorum
1089 1403 1245 1467 liberiore
1276 1403 1417 1484 ideoque

261 1501 407 1586 gratiore
430 1519 520 1564 more
543 1500 577 1562 in
601 1521 691 1564 suum
713 1521 803 1566 usum
828 1508 882 1565 aut
904 1508 1111 1568 converteret
1130 1508 1185 1567 aut
1207 1507 1295 1567 certe
1318 1503 1349 1567 ei
1364 1503 1418 1566 ad·

261 1600 437 1667 simularet.
480 1600 663 1663 Praeterea
692 1600 817 1684 origine
840 1623 946 1686 neque
976 1603 1121 1669 Graecus
1146 1604 1206 1667 fuit
1227 1623 1332 1686 neque
1354 1601 1419 1666 Ro·

262 1721 392 1768 manus:
411 1699 526 1764 Africa
548 1701 718 1765 oriundum
740 1703 858 1768 scimus
880 1722 951 1766 eum
978 1703 1101 1787 aliquot
1116 1704 1231 1768 aetatis
1247 1723 1349 1779 annos
1366 1703 1420 1766 de·

262 1802 352 1886 gisse
375 1800 513 1866 Athenis
534 1807 568 1865 et
588 1801 711 1866 Romae
735 1801 777 1864 ad
800 1802 1033 1867 accuratiorem
1059 1803 1187 1886 linguae
1209 1803 1346 1868 Latinae
1369 1823 1421 1867 eo-

265 1901 444 1986 gnitionem
468 1902 595 1965 enixum
618 1923 692 1968 esse
717 1902 831 1969 studiis
854 1909 949 1987 atque
973 1902 1217 1968 exercitatione.
1259 1904 1328 1966 Iam
1349 1923 1420 1967 eru·

263 2003 386 2066 ditione
405 2001 532 2084 ingenti
550 2001 801 2086 multimodaque
814 2004 963 2070 doctrina
973 2008 1061 2067 totus
1074 2004 1294 2088 graecissavit‚
1303 2004 1423 2086 quippe

265 2122 327 2186 qua
352 2122 463 2166 omnes
487 2101 686 2166 Graecorum
709 2102 899 2187 disciplinas
921 2105 1097 2187 literaeque
1122 2109 1211 2170 esset
1226 2103 1424 2186 complexus.

264 2203 316 2268 Ad
337 2201 589 2266 adumbrandam
613 2209 719 2267 autem
740 2204 822 2268 hanc
846 2205 1043 2271 Graecorum
1058 2224 1173 2268 vocum
1195 2202 1426 2267 abstinentiam

267 2303 493 2368 constituimus
518 2321 639 2378 omnes,
662 2323 742 2386 quas
765 2325 784 2368 a
806 2305 942 2371 Graecis
958 2310 1012 2368 aut
1027 2304 1222 2369 vetustiores
1238 2307 1292 2367 aut
1313 2323 1426 2367 recen·

270 2405 374 2468 tiores
397 2403 523 2466 demum
541 2403 719 2486 scriptores
739 2411 941 2488 receperant,
964 2425 1005 2468 ex
1018 2405 1107 2470 libris
1122 2404 1428 2486 metamorphoseon

271 2509 305 2568 et
329 2504 369 2568 de
392 2499 500 2586 Magia
523 2508 556 2567 et
578 2502 781 2568 Floridorum
804 2504 958 2588 colligere
980 2524 1081 2588 usque
1105 2505 1147 2569 ad
1167 2503 1426 2587 tritissimasss).

336 2635 364 2703 ὕ)
383 2633 447 2688 Non
470 2633 674 2688 incommodum
696 2651 786 2705 neque
812 2652 826 2687 a
850 2652 879 2688 re
903 2636 1035 2701 arbitror,
1063 2653 1124 2690 cum
1141 2637 1195 2690 hoo
1212 2635 1316 2706 Apulei
1333 2635 1428 2689 studio

268 2735 430 2790 comparare
449 2718 661 2783 Tertullianum,
680 2719 754 2789 apud
772 2734 853 2788 quem
870 2719 1001 2789 profusus
1020 2723 1048 2772 et
1060 2735 1253 2790 nonnunquam
1265 2718 1429 2772 fastidiosus

272 2806 317 2858 est
337 2804 507 2857 Graecorum
530 2802 727 2855 vocabulorum
751 2818 825 2855 usus.
860 2805 890 2856 Is
910 2803 943 2856 de
968 2803 1148 2873 usurpatione
1167 2818 1261 2856 eorum
1277 2817 1332 2854 non
1356 2803 1429 2855 bene

267 2886 382 2940 vitanda
405 2886 446 2940 ite
467 2887 578 2940 censuit
600 2886 673 2940 Adr.
691 2885 803 2939 Valent.
825 2887 855 2940 ὃς
873 2886 962 2955 Igitur
982 2887 1035 2940 hoe
1058 2886 1154 2941 libello
1173 2927 1179 2939 .
1197 2925 1203 2938 .
1221 2923 1228 2938 .
1246 2901 1279 2938 ne
1294 2901 1375 2955 quem
1395 2901 1430 2938 ex

268 2971 426 3026 nominibus
450 2973 507 3024 tam
532 2970 688 3038 peregrinis
713 2972 742 3022 et
765 2969 873 3023 coactis
898 2972 926 3022 et
949 2971 1103 3041 compactis
1128 2971 1157 3023 et
1179 2968 1314 3038 ambiguis
1338 2967 1430 3036 caligo

270 3054 421 3118 suffundat,
446 3068 500 3124 quo
524 3053 605 3107 modo
631 3054 665 3106 iis
689 3053 765 3107 usuri
789 3053 886 3116 simus,
911 3053 988 3123 prius
1012 3055 1217 3107 demonstrabo.
1254 3051 1431 3117 Quorundam

271 3139 344 3191 enim
362 3136 397 3189 de
416 3136 527 3190 Graeco
545 3137 741 3208 interpretatio
760 3152 815 3189 non
835 3137 957 3189 occurrit
975 3137 1011 3189 ad
1028 3137 1187 3208 expeditam
1204 3134 1321 3205 proinde
1339 3135 1429 3187 uomi-

269 3222 313 3276 nis
333 3220 455 3286 formam,
475 3221 646 3290 quorundam
664 3236 716 3275 nec
735 3220 769 3273 de
788 3235 856 3272 sexu
874 3235 978 3286 genera
990 3222 1166 3283 conveniunt,
1185 3218 1355 3289 quorundam
1375 3218 1430 3271 usi·

271 3305 357 3359 tatior
381 3305 409 3358 in
434 3304 546 3358 Graeco
569 3305 671 3358 notitia
695 3307 747 3358 est.
781 3303 870 3371 Igitur
894 3303 1040 3373 plurimum
1065 3303 1174 3357 Graeca
1196 3306 1355 3373 ponemus.“
1375 3301 1431 3356 Sed

271 3388 345 3459 apud
363 3387 566 3442 Tertullianum
583 3389 717 3441 immensa
733 3387 946 3458 redundansque
959 3403 1052 3440 eorum
1065 3387 1211 3440 multitudo
1225 3387 1375 3439 excusatur
1387 3399 1430 3448 eo,

276 3471 351 3541 quod
368 3471 473 3542 primus
492 3471 579 3524 ferme
598 3473 717 3525 omnium
735 3487 818 3525 ausus
838 3475 882 3524 est
901 3471 1074 3526 Christianae
1092 3470 1156 3523 fidei
1180 3469 1294 3522 decreta
1310 3483 1430 3537 pronun-

272 3555 347 3610 ciare
365 3552 460 3623 lingua
477 3554 572 3620 latina,
584 3572 674 3628 neque
684 3572 841 3627 proponere
851 3557 966 3622 tantum,
982 3553 1032 3607 sed
1044 3554 1127 3606 etiam
1139 3551 1280 3606 subtiliter
1290 3551 1431 3620 explicare

273 3642 358 3708 atque
367 3637 470 3691 acriter
481 3638 630 3693 defendere
640 3643 739 3693 eontra
748 3643 777 3693 et
785 3656 956 3710 paganorum
967 3643 996 3690 et
1007 3637 1210 3691 haereticorum
1219 3633 1431 3688 insectationes.

276 3724 354 3791 Quae
366 3721 458 3774 omnia
471 3739 553 3791 quum
563 3722 703 3778 aGraecis
716 3728 812 3778 essent
822 3727 884 3777 orta
895 3723 1059 3791 Graeceque
1068 3720 1163 3789 lingua
1173 3717 1237 3771 inde
1249 3735 1266 3770 a
1274 3717 1431 3788 primordiis

274 3822 365 3862 novae
383 3805 448 3858 fidei
467 3808 588 3870 exculta,
606 3807 727 3860 indidem
745 3807 900 3861 huiusmodi
921 3804 1100 3860 certaminum
1112 3802 1270 3858 necessarie
1280 3801 1433 3872 repetenda

275 3896 355 3945 erant
372 3893 550 3944 armamenta.

259 4029 264 4043 ,
325 3975 372 4042 Η)
390 3975 435 4028 Ex
452 3973 495 4037 iis,
514 3974 542 4027 in
561 3973 661 4044 quibus
679 3974 872 4046 philosophiae
884 3971 1015 4026 materias
1027 3971 1166 4035 tractavit,
1185 3986 1299 4039 quorum
1308 3970 1432 4022 nimirum

277 4059 388 4112 diversa
406 4061 451 4112 est
469 4057 550 4122 ratio,
569 4059 747 4112 inusitatiora
766 4060 794 4112 in
813 4063 973 4112 transcursu
997 4055 1213 4124 conquisivimus
1231 4055 1309 4108 haec.
1326 4053 1396 4107 DPl.
1411 4053 1433 4106 Ι.

279 4141 327 4197 195
344 4141 445 4210 trigon,
464 4143 591 4212 sphaera,
609 4144 744 4213 pyramis,
772 4141 869 4197 cubos.
887 4143 924 4195 ib.
942 4141 991 4194 203
1009 4139 1116 4210 aplane.
1133 4140 1169 4193 ib.
1188 4138 1224 4194 H.
1242 4137 1292 4192 230
1309 4137 1432 4206 symbola

276 4225 314 4278 ib.
339 4223 389 4278 232
411 4225 540 4295 politice3
569 4228 654 4280 vertit
671 4230 777 4280 tamen:
809 4226 991 4287 civilitatem,
1010 4239 1091 4292 quam
1107 4222 1243 4292 politicen
1261 4221 1337 4276 dicit.
1363 4221 1432 4275 Asc.

276 4309 326 4364 297
345 4312 561 4378 apocatastasis.
589 4313 625 4366 ib.
648 4312 767 4367 aeaeae
784 4311 907 4381 angelus.
930 4308 981 4364 320
998 4307 1079 4361 elima
1099 4307 1173 4360 Vitr.
1192 4306 1241 4360 322
1259 4322 1353 4359 aroma
1369 4305 1432 4373 Dig.

278 4393 363 4447 Prud.
382 4393 419 4446 ib.
436 4391 486 4446 323
504 4395 658 4450 catholicus
678 4396 755 4450 Eecl.
773 4396 844 4448 Der.
864 4395 910 4448 ¹04
929 4393 1070 4449 schedium
1087 4391 1177 4445 Lucil.
1194 4391 1310 4444 Peteon.
1327 4389 1365 4442 ib.
1386 4387 1433 4443 149

279 4477 451 4546 cymbalista,
469 4479 645 4549 tympanista,
665 4481 767 4535 chorea
785 4482 839 4532 etc.
857 4478 950 4532 Mund.
968 4477 1023 4532 295.
1037 4475 1149 4546 typhon.
1162 4474 1230 4528 ibid.
1249 4489 1317 4544 quas
1332 4472 1433 4528 Graeci

279 4563 405 4614 cometas
425 4562 455 4612 et
473 4560 588 4616 decidas
608 4567 637 4617 et
653 4564 792 4634 bothynes
810 4562 960 4632 appellant.
978 4561 1015 4613 ib:
1035 4557 1167 4612 ete-ete
1183 4558 1320 4628 permulta
1337 4559 1432 4609 vento·

279 4658 338 4698 rum
357 4643 466 4701 Graeca
484 4647 594 4705 nomina
611 4651 664 4720 etc.
