3068 5310
804 295 990 428 106ἱ

258 561 421 650 poeticum
438 585 528 630 usum
542 583 603 650 pro
621 581 756 648 semper,
772 562 925 628 continuo
949 561 1029 628 dixit
1049 561 1091 629 M.
1105 559 1177 630 VM.
1198 561 1259 628 480
1272 573 1307 627 11
1321 583 1415 650 murm

257 665 333 729 mebi
353 665 492 728 insideret
508 713 539 728 ..
560 664 654 728 dolor.
698 663 805 730 Semel
826 663 1030 728 coniunctum
1058 671 1230 746 estusque
1254 664 1329 727 dum
1349 667 1414 746 Ap.

257 765 319 830 563
351 763 471 828 Sustine
487 765 655 849 paullisper
676 784 750 848 qnae
772 774 945 850 sequantur,
964 764 1140 848 usquedum
1155 763 1414 848 eyointerloqaar.
1529 761 1530 764 ’

257 864 447 930 Inusitatius
471 871 522 952 ¹est
544 864 648 947 etiam,
670 863 754 946 quod
769 863 890 927 ibidem
910 861 1029 946 legitur
1049 884 1141 949 usque
1155 862 1261 926 oddae.
1284 863 1415 926 Deinde

256 964 321 1027 loci
343 963 469 1027 ratione
492 982 562 1026 oum
586 963 828 1046 praepositione
851 982 910 1046 per
933 983 1089 1026 conexum
1110 965 1187 1028 Asc.
1201 963 1279 1028 310:
1301 963 1416 1028 mordis
1529 1021 1530 1044 q

256 1084 348 1148 usqae
383 1082 442 1147 per
484 1061 601 1126 debersa
642 1063 706 1126 loeo
748 1064 889 1148 dispersis
935 1063 1132 1127 rarissimum
1187 1067 1254 1146 est,
1305 1083 1413 1146 quam·

258 1183 353 1245 quam
376 1182 445 1225 oum
468 1161 539 1227 aliis
563 1159 605 1247 (a,
622 1163 673 1246 ad,
689 1164 760 1242 sub)
777 1162 1036 1246 frequentissime
1053 1162 1229 1246 copulatur.
1274 1161 1412 1246 Compo-

258 1263 513 1345 cimmeriasque,
541 1263 631 1346 quod,
654 1283 717 1326 non
746 1263 834 1346 prius
864 1268 1035 1344 usurpatur
1063 1283 1155 1346 quam
1183 1263 1223 1326 ab
1251 1263 1414 1347 Augustei

260 1363 333 1427 aevi
348 1361 456 1444 poetis
471 1362 566 1442 (Hor.
578 1365 680 1446 Verg.
696 1361 770 1444 Ov.)
785 1364 924 1446 indeque
940 1382 960 1426 a
974 1363 1167 1445 posterioris
1183 1363 1300 1426 aetatis
1313 1365 1413 1446 scrip·
1530 1409 1531 1442 .

259 1463 388 1527 toribus
412 1462 508 1542 (GeII.
530 1461 644 1546 Amm.)
671 1463 762 1526 vario
785 1463 881 1528 modo
909 1462 1019 1546 posuit
1041 1467 1074 1526 et
1096 1462 1136 1526 ad
1158 1463 1412 1544 praepositionis

256 1563 360 1628 instar
383 1562 426 1628 cf.
449 1559 489 1627 M.
514 1563 571 1628 IV.
600 1562 671 1626 272.
708 1558 797 1627 VIII.
825 1562 895 1628 552.
929 1557 984 1626 IX.
1021 1561 1092 1628 630.
1120 1560 1178 1626 XI.
1202 1562 1262 1626 733
1283 1561 1416 1648 adusque

257 1661 871 1746 senfinriam·coelam·radicatam-vestime.
906 1660 946 1726 X.
970 1663 1029 1727 707
1052 1663 1182 1746 adusque
1203 1665 1413 1728 obtestiaoram

258 1769 291 1826 et
312 1762 470 1828 translat-c
494 1783 593 1828 sensu
614 1763 652 1827 M.
674 1759 722 1827 IV.
745 1761 807 1825 240
827 1784 872 1825 me
892 1770 985 1826 totam
1001 1763 1104 1848 piapis
1125 1761 1263 1826 obtundit
1281 1763 1414 1848 adaeque

257 1867 338 1927 11711
356 1865 452 1946 speras
468 1862 638 1946 pere'ealam
660 1866 693 1925 et
714 1861 861 1926 absolute
877 1857 916 1926 M.
939 1863 975 1927 11.
998 1861 1213 1954 1591111111
1233 1864 1339 1927 deraso
1361 1887 1412 1927 ca·
1531 1939 1532 1944 η

253 1967 320 2048 pite
340 1963 398 2042 (of.
423 1962 513 2028 Tert.
534 1960 712 2044 Virg.Vel.
736 1981 788 2044 cp.
808 1961 851 2042 3).
876 1960 1004 2022 -Iam
1027 1966 1154 2024 ceteras
1177 1971 1414 2043 pertractemus

257 2064 434 2145 particulas
458 2083 499 2126 ex
520 2061 624 2144 iisque
646 2062 781 2143 primum
802 2061 998 2144 compositas
1014 2060 1195 2141 nonnullas,
1216 2063 1338 2127 relictis
1357 2065 1412 2128 ad·

256 2164 318 2228 huc
341 2169 374 2226 et
396 2161 589 2244 copulativis
612 2166 645 2224 et
666 2162 890 2236 adversativia
919 2179 997 2244 quas
1018 2180 1219 2226 reservamus
1243 2169 1414 2229 extremas.

256 2266 446 2328 Fortassean
467 2281 532 2326 vox
552 2262 679 2326 ratione
707 2262 840 2344 antiqua
861 2281 931 2325 cum
958 2260 1096 2325 forsitan
1126 2264 1322 2326 conveniens
1351 2262 1415 2344 (Si-

261 2381 373 2426 senna.
396 2362 528 2439 Varro.)
549 2361 667 2444 legitur
688 2360 768 2427 DSr.
792 2362 861 2426 130.
880 2365 941 2443 Ap.
961 2360 1037 2425 475:
1067 2360 1205 2424 omnium
1231 2362 1414 2428 familiaris-

261 2462 341 2524 sima
363 2467 413 2524 est
426 2460 533 2525 Gellio
551 2461 592 2525 cf.
615 2461 654 2525 N.
677 2462 716 2526 A.
737 2461 778 2524 V.
806 2459 920 2526 11111,
940 2461 968 2526 9.
983 2461 1069 2524 XIX.
1085 2462 1113 2526 8.
1144 2459 1252 2525 Semel
1273 2465 1416 2526 occurrit

262 2561 357 2624 etiam
378 2581 512 2643 prorsus
529 2581 625 2626 casea
643 2561 779 2626 formula
799 2563 862 2644 Ap.
881 2561 942 2626 583
958 2563 1022 2642 sors
1038 2562 1112 2645 sant
1123 2582 1165 2624 am
1179 2562 1415 2626 recentissimis

262 2661 476 2745 scriptoribus
499 2658 647 2744 (Fronto.
668 2662 792 2727 Auson.
816 2659 945 2745 Symm.)
972 2683 1037 2725 non
1064 2662 1227 2726 inusitata.
1270 2661 1416 2744 Antiqua

261 2760 444 2824 terminatio
464 2762 602 2843 fortassis
624 2761 665 2826 M.
688 2761 724 2827 V.
746 2763 807 2826 368
835 2769 967 2844 praeter
990 2763 1140 2826 Plautum
1166 2760 1238 2824 aliis
1264 2761 1361 2824 etiam
1379 2763 1415 2825 in

260 2880 319 2924 usu
339 2866 391 2924 est
412 2860 503 2940 (Hor.
516 2861 613 2942 Plin.)
629 2860 865 2926 Particularum
886 2864 1009 2926 scilieet
1025 2870 1057 2926 et
1071 2864 1220 2926 videlieet
1242 2861 1305 2926 nisi
1327 2863 1417 2944 quod

260 2978 320 3042 per
339 2959 484 3040 ironiam,
504 2981 568 3042 qua
583 2961 762 3026 delectatus
786 2968 837 3025 est
853 2960 1016 3044 Apuleius,
1040 2962 1168 3044 saepius
1190 2963 1318 3043 positae
1332 2967 1416 3045 sunt,

263 3064 338 3122 ante
361 3060 467 3122 omnia
487 3060 574 3123 iilam
595 3062 834 3144 usurpationem
851 3081 890 3124 ne
907 3061 1208 3143 praetermittamus,
1228 3081 1291 3142 qua
1314 3061 1424 3144 expli·

262 3159 357 3225 candi
380 3160 486 3244 gratia
508 3179 579 3222 cum
592 3160 716 3226 leviore
738 3161 880 3224 notionis
897 3161 929 3224 vi
944 3164 979 3222 ut
997 3168 1124 3224 nostra:
1147 3160 1304 3242 1111111111,
1327 3162 1413 3227 atine

261 3260 328 3334 fid),
353 3261 439 3342 tesbi,
464 3259 633 3326 adduntur.
677 3259 738 3336 Qui
765 3281 840 3325 usus
868 3281 963 3342 quum
990 3279 1070 3342 prae
1099 3259 1217 3322 ceteris
1244 3259 1415 3326 familiaris

262 3360 305 3426 sit
325 3360 562 3425 recentioribus
583 3379 690 3425 rerum
704 3360 914 3442 scriptoribus
930 3356 1046 3443 (Suet.)
1068 3365 1133 3422 tum
1147 3360 1234 3442 apud
1245 3360 1418 3443 Apuleium

261 3460 357 3524 nimia
378 3459 560 3543 frequentia
578 3459 614 3523 fit
634 3461 848 3524 memorabilis
863 3479 969 3544 neque
988 3479 1064 3523 raro
1079 3459 1221 3544 vulgaris
1237 3479 1275 3524 ac
1290 3461 1419 3526 remissi

262 3559 423 3624 sermonis
446 3559 590 3624 ostendit
609 3559 716 3624 laxam
736 3562 897 3643 quandam
914 3561 1162 3644 neglegentiam.
1194 3560 1312 3627 Paucis
1333 3562 1417 3628 locis

261 3661 293 3724 in
316 3678 386 3722 eam
407 3659 567 3742 inquirere
598 3659 678 3725 satis
709 3661 770 3724 erit
789 3660 829 3726 M.
845 3660 902 3725 IV.
923 3661 1000 3724 241:
1025 3658 1132 3723 mulier
1154 3665 1312 3746 quaepiam
1334 3683 1418 3727 anor

261 3765 324 3826 11111
344 3760 455 3825 soib'cet
480 3809 487 3822 .
509 3805 517 3821 .
536 3762 723 3844 prosiliant
745 3763 796 3823 sai
814 3759 947 3824 videlicet
968 3763 1157 3824 ruderatione
1178 3761 1255 3824 miti
1268 3782 1417 3846 praeeras

260 3872 376 3925 crearet
399 3864 534 3925 emiliam.
556 3861 599 3924 ib.
617 3862 679 3926 264
698 3859 808 3924 maluit
832 3859 952 3942 sinuata
978 3880 1080 3924 reram
1101 3909 1108 3924 .
1131 3861 1311 3944 forinsecas
1331 3862 1417 3927 nodis

260 3963 369 4027 scilieet
389 3959 536 4046 rapienda
560 3959 733 4045 dasperpere.
749 3960 877 4044 Camqae
891 4011 897 4024 .
913 4009 921 4023 .
937 3971 1041 4024 erstem
1059 3961 1224 4044 strupaiam
1238 3960 1416 4026 subductam

261 4061 369 4126 sedicet
388 4066 503 4126 iactare
525 4061 663 4124 similiter
684 4062 851 4125 destinaret.
879 4062 922 4126 ib.
948 4061 1009 4126 265
1030 4082 1132 4124 aereas
1153 4062 1267 4125 scilicet.
1289 4062 1333 4128 ib.
1354 4061 1418 4127 285

261 4165 389 4245 strepitu
408 4163 519 4226 scilicet
541 4160 686 4226 dioe'reitas
707 4164 863 4244 e'nqaietas.
891 4161 933 4224 ib.
957 4159 1018 4224 289
1038 4159 1196 4244 parabant
1221 4163 1331 4226 scilieet
1351 4162 1416 4227 ido·

260 4283 348 4326 neam
368 4265 420 4324 sai
437 4263 593 4343 sonpaiais
615 4260 849 4343 redemptionem.
872 4259 911 4326 V.
932 4261 994 4326 366
1015 4264 1048 4325 ire
1069 4259 1209 4325 bonorem
1229 4261 1279 4325 dei
1296 4263 1415 4327 seilicet.

261 4362 303 4426 ib.
323 4359 384 4426 369
407 4357 573 4425 1111111111·
595 4361 713 4427 scilieet.
740 4361 817 4425 ibid.
840 4382 913 4424 casa
939 4361 1048 4425 sedetet
1063 4381 1213 4445 pessumo.
1240 4361 1331 4427 VIII.
1353 4363 1416 4428 677

260 4463 328 4523 rati
344 4459 453 4524 scilieet
468 4510 495 4526 ..
518 4463 664 4526 mareiam
680 4460 766 4526 ailam
786 4462 894 4526 scilieet
911 4460 972 4526 sibi
984 4460 1163 4546 perdurasse
1178 4509 1185 4524 .
1202 4510 1209 4524 .
1232 4462 1416 4526 tumbellam

261 4560 369 4624 seib'uet
384 4558 538 4644 partialem
561 4567 622 4626 etc.
651 4598 691 4606 —
712 4565 831 4628 11111111
852 4563 938 4647 quod
966 4583 1036 4626 oum
1061 4582 1119 4626 suo
1141 4562 1242 4626 verbo
1265 4581 1285 4624 a
1306 4562 1415 4646 poetis
