3128 5300
687 381 726 447 at

138 586 200 651 sed
219 587 282 652 alio
306 607 403 656 sensu
424 605 484 668 pro
504 581 708 670 ,‚specimen“
730 584 841 650 ferme.
852 583 894 651 M.
906 584 964 650 VI.
978 583 1049 653 410.
1061 587 1214 652 uibramen
1230 584 1291 670 si)

136 687 201 750 His
228 687 354 750 ratione
380 686 539 752 simillima
566 686 625 751 sed
645 685 754 768 paullo
781 685 952 750 usitatiora
974 693 1048 752 sunt
1074 707 1127 770 ea,
1156 707 1237 769 quae
1260 687 1292 749 in

139 793 291 851 -mentum
313 787 575 864 determinantur,
598 806 638 850 ex
661 786 775 869 quibus
796 787 905 869 prisca
926 787 979 851 vel
998 806 1083 852 nova
1106 792 1179 851 sunt
1196 787 1293 849 haec:

137 887 184 952 M.
198 882 253 953 XI.
267 887 337 951 779.
360 896 651 950 antecantamentum
674 907 699 952 s.
721 888 783 968 Ap.
795 886 866 953 510.
890 897 1098 971 apnomentum
1121 907 1145 952 0.
1167 887 1211 952 ib.
1223 885 1294 950 507.

138 995 375 1050 concremantem
402 1007 427 1052 0.
459 989 502 1052 110.
521 987 591 1051 574.
630 986 717 1051 utor.
745 987 770 1052 I.
798 988 846 1052 13.
880 986 1168 1052 dissimulamentum
1195 987 1233 1049 A.
1257 1019 1296 1030 —

137 1086 285 1168 Ap.457.
307 1086 395 1152 Flor.
408 1088 433 1152 I.
450 1088 498 1151 13.
518 1087 745 1152 deliramentum
761 1087 865 1153 Plaut.
886 1087 1021 1155 Fronto.
1043 1088 1126 1153 Plin.
1148 1087 1179 1153 h.
1201 1108 1232 1152 n.
1254 1085 1297 1151 II.

141 1187 171 1249 7.
187 1185 215 1249 5.
239 1185 281 1250 M.
302 1185 359 1251 XI.
378 1188 447 1251 752.
467 1189 679 1252 decrementum
691 1187 775 1252 Gall.
796 1186 853 1250 ΠΙ.
872 1188 985 1254 1011.
1007 1188 1049 1251 M.
1066 1185 1122 1250 IX.
1136 1186 1207 1251 614.
1231 1206 1298 1249 eru·

140 1285 306 1350 dementum
318 1307 343 1350 s.
367 1286 452 1350 mor.
467 1287 510 1352 ΙΙ.
525 1287 575 1352 57.
597 1292 859 1352 emersitamentum
875 1308 899 1352 0.
911 1289 970 1371 Ap.
983 1287 1053 1353 475.
1077 1292 1299 1352 eiectamentum

143 1385 226 1449 Tac.
243 1385 349 1448 Germ.
364 1387 415 1451 45.
443 1387 484 1452 M.
497 1387 554 1453 IV.
565 1388 624 1453 297
628 1439 635 1453 .
661 1388 740 1452 Ι1Ρ1.
756 1389 797 1454 Π.
809 1389 879 1454 258.
903 1389 1076 1474 fipmentum
1098 1387 1180 1452 Gell.
1199 1388 1300 1450 Amm.

141 1485 237 1550 Laut.
258 1486 300 1551 M.
314 1487 338 1549 Ι.
355 1486 405 1552 55.
416 1486 616 1554 fulcimentum
639 1487 725 1554 0010.
740 1487 840 1554 Solin.
852 1485 907 1554 XI.
923 1489 993 1553 701.
1008 1492 1216 1554 intrimentum
1232 1483 1299 1568 (XI.

141 1585 216 1649 788.
231 1585 388 1654 10010001
411 1609 436 1652 s.
458 1589 519 1670 Ap.
532 1588 602 1652 593.
619 1588 688 1654 601.
717 1588 947 1654 illectamentum
969 1609 993 1654 0.
1016 1589 1058 1654 ib.
1081 1589 1153 1656 385.
1181 1587 1302 1653 inbene-

142 1693 323 1748 stamentum
346 1685 481 1750 Graoeh.
504 1686 661 1752 FlorIV.
674 1689 724 1753 99.
746 1700 963 1753 monumentum
986 1712 1011 1756 s.
1033 1691 1075 1758 M.
1091 1691 1116 1755 1.
1134 1691 1184 1755 76.
1207 1711 1301 1773 napa-

143 1794 276 1848 000100
299 1807 323 1850 0.
348 1785 455 1852 01000.
483 1788 543 1868 Ap.
556 1787 626 1851 378.
656 1787 899 1854 0000000100
922 1811 947 1855 s.
976 1790 1018 1856 M.
1030 1791 1121 1856 VIII.
1135 1789 1206 1855 591.
1229 1808 1302 1874 pro-

144 1889 319 1950 0000000
348 1907 373 1951 s.
401 1886 439 1951 X.
459 1887 528 1951 702.
556 1891 733 1951 scitamenta
760 1888 864 1956 Plaut.
893 1891 1036 1956 Macrob.
1065 1887 1120 1953 XI.
1145 1888 1214 1954 795.
1232 1887 1303 1953 800.

143 1985 413 2070 supplicamentum
432 1988 554 2053 Arnob.
570 1987 729 2054 DSr.152.
744 1989 884 2074 Apbdb.
898 1991 1175 2055 terriculamentum
1192 1985 1303 2052 Sidon.
1406 1990 1422 2006 ““

144 2086 221 2152 Non
242 2106 280 2149 ea
302 2087 342 2160 vi,
367 2107 458 2169 quam
480 2088 561 2152 haec
581 2089 806 2154 determinatio
824 2091 921 2176 vulgo
941 2111 978 2155 ao
990 2089 1183 2154 naturaliter
1197 2088 1304 2170 habet,

146 2186 437 2250 dissimulamentum
448 2188 509 2269 Ap.
521 2189 592 2254 574.
614 2190 704 2255 mor.
719 2191 744 2255 1.
762 2192 809 2256 13.
833 2211 897 2254 non
919 2192 953 2254 id
969 2191 1138 2274 signifieat,
1159 2208 1222 2272 quo
1235 2187 1306 2271 quis

145 2286 247 2350 utitur
265 2287 306 2350 ad
319 2286 588 2365 dissimulandum,
613 2290 671 2355 sed
687 2295 738 2353 est
747 2290 819 2372 ipsa
835 2290 1056 2356 dissimulatio.
1079 2286 1308 2370 Disorepantia

148 2385 394 2468 significationis
409 2389 553 2452 notanda
568 2391 664 2454 estin
679 2390 838 2454 vocabulo
854 2391 1023 2456 notissimo
1036 2392 1208 2455 detrimenti
1222 2387 1307 2470 quod

147 2483 192 2552 M.
208 2487 348 2552 111393.
371 2487 503 2552 insolita
526 2491 584 2554 sod
608 2490 656 2554 sni
678 2490 812 2572 propria
833 2490 967 2554 notione
990 2491 1110 2555 dietum
1132 2495 1183 2554 est
1201 2489 1241 2552 de
1259 2508 1308 2570 eo,

150 2586 239 2670 quod
262 2587 418 2651 deteritur
441 2589 507 2654 sive
530 2591 680 2654 detiitum
703 2597 768 2657 est:
791 2609 915 2654 00000
939 2590 1027 2655 limae
1047 2593 1199 2654 tenuantis
1220 2588 1309 2652 detri-

150 2696 249 2750 mento
271 2691 463 2771 conspicuum
486 2695 637 2755 contorta
661 2711 739 2757 sane
762 2700 796 2757 et
815 2692 941 2756 ratione
964 2699 997 2756 et
1019 2690 1177 2756 oratione.

238 2789 343 2871 Atque
372 2788 421 2852 his
449 2790 614 2872 aptissime
640 2793 796 2876 deinceps
825 2793 1034 2875 adiungamus
1055 2789 1216 2854 voeabula
1242 2788 1310 2851 lon·
1412 2811 1415 2822 ·

153 2886 257 2972 gioris
291 2887 426 2954 ambitus
452 2892 660 2976 neutriusque
689 2894 818 2977 generis
848 2898 882 2956 et
913 2893 999 2976 ipsa,
1040 2911 1121 2975 quae
1154 2891 1312 2955 in-culum

153 2992 270 3052 -bulum
282 2995 315 3052 et
335 2990 487 3053 ium-um
510 2998 644 3056 exeunt:
660 2993 702 3059 M.
719 2993 1063 3079 71.42200000000100
1085 2979 1210 3054 Pallad.
1227 2988 1311 3054 Plin.

154 3086 274 3154 xxtu.
290 3090 319 3154 6.
336 3089 461 3153 109-
473 3091 513 3153 M.
529 3090 582 3156 Vl.
598 3091 659 3156 385
681 3092 882 3158 demeaculum
905 3093 1012 3157 Gloss.
1028 3088 1123 3156 Vlll.
1138 3090 1209 3154 516.
1228 3086 1311 3153 DSr.

156 3191 218 3254 127
241 3190 445 3255 babitaculum
458 3191 540 3255 Gall.
557 3193 658 3256 Amm.
671 3190 771 3257 Prud.
785 3194 845 3274 Ap.
857 3192 919 3256 520
934 3191 1167 3257 0000000100
1181 3211 1205 3255 s.
1224 3188 1313 3252 Illor.

156 3292 205 3356 IV.
220 3290 261 3354 90
276 3289 460 3354 obstaculum
481 3288 579 3355 Prud.
595 3288 634 3357 M.
652 3288 701 3357 1Χ.
718 3293 778 3356 610
799 3292 1013 3376 offensaculum
1032 3293 1123 3356 Laut.
1139 3289 1237 3354 Prud.
1253 3289 1314 3371 Ap.

157 3391 221 3455 536
244 3391 470 3456 0000000100
491 3411 516 3456 0.
538 3388 579 3456 M.
601 3392 729 3458 71385
751 3392 949 3456 nemeaculum
973 3414 997 3457 s.
1020 3391 1175 3457 1010017.
1196 3388 1315 3452 90010.

158 3491 368 3554 reverticulum
390 3492 428 3556 A.
450 3491 491 3554 ib.
505 3487 527 3553 l.
550 3492 590 3555 33
612 3491 800 3575 se‘pnaeulum
824 3493 915 3558 Tert.
931 3492 1028 3556 Prud.
1051 3491 1125 3573 Dig.
1147 3487 1186 3551 M.
1203 3491 1238 3553 V.
1254 3488 1315 3552 359

159 3591 340 3656 sectaeulum
357 3585 458 3673 0.’(-0
478 3591 646 3654 natalium:
668 3594 754 3675 quod
777 3613 950 3676 perperam
975 3613 994 3655 a
1016 3596 1108 3656 secta
1130 3596 1166 3654 ut
1181 3609 1201 3652 a
1214 3593 1317 3651 mater

160 3692 338 3756 matercula
360 3691 477 3755 deduci
498 3692 567 3755 vult
581 3691 861 3777 Hildebrandius).
884 3729 925 3737 —
947 3689 987 3757 M.
1005 3689 1094 3756 Vlll.
1110 3690 1181 3755 516.
1198 3690 1233 3752 X.
1247 3685 1316 3750 725.

160 3792 250 3858 Flor.
272 3795 323 3859 IV.
346 3793 386 3858 88
408 3791 575 3876 decipulum
596 3790 636 3857 M.
653 3791 731 3875 Cap.
746 3793 834 3858 Flor.
856 3792 914 3858 IV.
931 3793 971 3857 88
994 3789 1191 3855 eaorebulum
1212 3786 1318 3850 Plaut.

161 3893 208 3957 ib.
222 3888 278 3958 lll.
294 3893 334 3957 62
343 3891 559 3959 medicabulum
572 3914 597 3958 s.
608 3890 649 3958 M.
662 3889 711 3958 1Χ.
724 3892 796 3958 599.
814 3894 874 3974 Ap.
888 3893 951 3956 442
966 3889 1203 3968 mendicabulum
1214 3886 1320 3950 Plaut.
1428 3907 1431 3916 ’

163 3989 324 4060 0100111,
341 3994 381 4057 62
402 3992 580 4057 metabulum
596 4015 620 4058 0.
643 3995 685 4060 ilo.
702 3991 740 4059 11.
755 3993 796 4058 53
812 3992 1007 4078 pulsabulum
1024 4012 1048 4057 s.
1065 3991 1146 4072 (sive
1159 3985 1320 4071 quassatu-

164 4092 228 4156 lum
244 4114 275 4173 s;
289 4093 375 4176 quod
385 4095 576 4176 praeposuit
589 4089 870 4176 Hildebrandius.)
882 4089 923 4157 M.
939 4093 964 4156 I.
980 4092 1018 4155 71
1030 4086 1204 4153 sessibulum
1215 4085 1320 4149 Plaut.

166 4192 269 4258 Poen.
287 4190 308 4260 l.
329 4193 358 4259 2.
378 4193 428 4259 56.
449 4192 576 4257 Deinde
598 4195 679 4258 haeo
701 4193 831 4274 indura,
866 4212 947 4275 quae
977 4192 1081 4254 forma
1104 4193 1137 4251 et
1156 4185 1318 4268 inprimis

169 4293 405 4376 compositione
429 4293 470 4358 ad
492 4293 620 4377 priscae
642 4294 771 4376 lmguae
795 4290 1062 4358 consuetudinem
1084 4273 1259 4352 accedunt:
1281 4279 1322 4352 M.

237 4443 260 4509 ·)
276 4442 415 4496 Erdmann
434 4445 450 4497 1.
469 4458 492 4496 0.
510 4458 556 4512 pg.
572 4441 589 4494 8
609 4442 775 4506 ‚‚vitramen“
793 4441 905 4502 scribit,
929 4437 1003 4506 quod
1020 4452 1054 4490 ne
1074 4435 1135 4505 quis
1153 4437 1234 4505 putet
1251 4446 1324 4484 men·

172 4525 235 4580 dum
253 4527 482 4598 typographicam
500 4541 571 4589 esse,
590 4523 679 4577 addit:
701 4524 733 4586 „i
753 4541 778 4594 q.
796 4525 921 4576 vitrum.“
956 4520 1038 4573 Unde
1056 4521 1084 4572 in
1102 4520 1187 4572 istum
1205 4531 1326 4569 errorem

171 4609 310 4674 incident,
329 4626 382 4662 non
401 4609 479 4680 potui
498 4607 666 4676 excogitare.
1095 4673 1114 4726 θ
