3128 5300
688 387 747 453 ·73

144 587 333 674 compulsare
354 587 444 657 Tert.
467 587 529 674 Ap.
551 586 613 654 590
639 587 820 673 conopilare
844 587 949 655 Plaut.
977 586 1078 654 Naev.
1107 584 1302 652 Conclusaore

142 689 278 754 notione
301 710 367 754 non
392 688 574 753 irrationali
597 708 673 772 pro:
702 689 843 753 clamore
873 706 1070 772 convocare,
1101 687 1186 771 quod
1214 687 1300 772 apud

144 795 262 872 poetas
286 788 436 866 occurrit,
452 788 511 854 sed
531 789 730 855 rarissimum
745 787 804 856 Ov.
819 794 894 854 met.
917 784 1000 855 Xlll.
1023 786 1073 855 37.
1095 787 1192 871 Verg.
1216 787 1298 854 Aen.

143 889 215 956 Vll.
238 889 309 966 604,
334 888 463 972 saepius
486 888 567 952 dixit
588 889 630 955 cf.
652 890 694 958 M.
718 889 767 956 ΙΙΙ.
789 889 864 955 227;
888 887 1098 955 conclamatis
1118 887 1299 953 latronibus

143 1009 284 1056 rumora.
303 988 360 1056 IV.
375 989 451 1054 241:
474 991 581 1056 statim
596 989 799 1055 conclamant
814 1009 912 1055 canes
928 986 1061 1075 (ibidem
1078 988 1187 1072 paullo
1198 987 1299 1052 infra:

145 1109 246 1156 canes
267 1090 301 1154 in
322 1111 372 1154 me
395 1089 619 1176 convocatos).
654 1090 695 1158 M.
712 1092 734 1156 Ι.
750 1092 800 1156 61.
815 1089 871 1156 71.
886 1089 957 1156 394.
978 1089 1061 1156 Vlll.
1083 1086 1222 1154 52001.
1239 1087 1302 1154 652

145 1190 185 1256 Χ.
208 1189 277 1256 739.
300 1187 357 1256 XI.
380 1192 441 1257 766
461 1193 594 1257 demeare
615 1188 725 1274 MGap.
748 1191 791 1255 ib.
812 1191 847 1255 ll.
865 1189 903 1254 91
928 1189 1056 1256 decetare
1070 1209 1096 1256 s.
1110 1188 1152 1253 V.
1173 1188 1234 1254 377
1250 1187 1298 1253 de·

143 1291 304 1378 flammare
325 1290 493 1374 (taedam).
521 1315 545 1359 s.
574 1291 653 1359 DPl.
677 1293 710 1357 ΙΙ.
733 1291 794 1356 239
815 1290 954 1356 mamare
974 1290 1080 1357 Plaut.
1102 1289 1217 1354 Afran.
1240 1288 1301 1371 Ap.

148 1388 212 1455 554
226 1389 397 1474 defenerore
417 1395 566 1460 Ambros.
582 1390 622 1460 M.
646 1391 695 1455 ΙΙΙ.
717 1391 779 1456 223
793 1392 964 1456 demersere
977 1391 1078 1456 Amm.
1101 1389 1139 1457 ll.
1164 1389 1302 1455 144.111.

145 1490 207 1554 221
231 1490 425 1557 demoratione
445 1495 485 1560 A.
498 1493 539 1558 M.
561 1490 584 1559 l.
605 1492 645 1556 47
688 1491 850 1557 dbtentcre
872 1511 897 1558 s.
919 1491 1008 1557 Flor.
1029 1491 1055 1556 I.
1079 1491 1116 1556 11
1140 1489 1303 1576 deicopedt'·

18 1611 19 1620 ¹
145 1611 224 1655 aare
245 1612 270 1657 s.
292 1590 351 1675 Ap.
369 1592 441 1660 555.
463 1593 633 1678 dilapidare
661 1592 737 1657 Ter.
761 1591 832 1657 (Iol.
868 1589 1010 1657 Notione
1032 1591 1229 1657 immutatum
1252 1594 1303 1656 est

151 1695 296 1757 ceterum
318 1711 446 1776 quoquc
468 1693 803 1784 infrequens-verbum
819 1691 996 1757 denotandi
1015 1691 1055 1756 M.
1078 1689 1132 1758 lX.
1152 1691 1229 1756 634:
1247 1712 1303 1754 nu·

148 1789 236 1854 mina
257 1789 394 1856 dwoture
416 1794 508 1876 qnasi
528 1794 697 1858 invocare:
727 1791 891 1874 propriam
911 1791 1052 1858 vovendi
1074 1791 1135 1856 vim
1159 1789 1302 1856 servavit

149 1889 218 1954 Cic.
239 1891 353 1974 parad.
369 1893 392 1957 l.
408 1894 437 1958 2.
456 1893 503 1960 12.
526 1891 652 1958 Deinde
674 1891 835 1956 decantare
856 1890 978 1976 aliquid
992 1888 1090 1975 (oie.)
1112 1889 1303 1956 brevissime

151 1989 234 2054 dixit
255 2009 330 2072 pro:
366 1994 500 2078 magicis
528 1991 762 2058 cantaminibus
790 1990 923 2070 alligare
947 1992 988 2057 cf.
1013 1991 1053 2057 M.
1074 1990 1124 2056 lll.
1146 1990 1219 2056 206.
1242 1988 1306 2054 214

148 2091 191 2153 Ae
210 2110 261 2173 epo
282 2091 365 2155 nullo
392 2091 566 2156 decantatas
587 2091 719 2156 carmine
741 2095 818 2158 etc:
846 2090 942 2155 facilc
971 2096 1078 2156 autem
1106 2090 1188 2155 haec
1210 2089 1302 2156 notio

148 2189 320 2254 deducitur
341 2211 359 2256 e
381 2198 527 2277 propria.
570 2191 735 2257 Audacius
763 2189 902 2272 denique
928 2190 1032 2254 iunxit
1053 2191 1212 2256 dearmare
1229 2191 1305 2255 loco

150 2289 224 2354 aliis
247 2311 374 2376 quoquc
391 2291 532 2358 licentiis
548 2291 677 2376 insigni,
697 2310 777 2374 quas
792 2308 857 2354 una
872 2289 980 2354 statim
995 2291 1305 2375 comprehendamus

150 2389 192 2455 M.
215 2390 251 2456 V.
273 2391 349 2456 377:
371 2391 549 2477 pharetrata
578 2392 701 2477 explicet
722 2402 749 2454 et
770 2391 894 2474 sopittcs
916 2389 1054 2467 dearmet,
1076 2411 1183 2455 aream
1196 2389 1307 2468 enodet,

150 2488 270 2553 taedam
290 2490 463 2575 defloruerat.
504 2493 648 2582 Quorum,
669 2492 842 2556 verborum
874 2492 1012 2555 omnium
1038 2490 1224 2556 inusitatior
1250 2493 1305 2554 aut

150 2609 284 2672 prossus
297 2592 441 2656 inaudita
456 2597 507 2660 est
517 2595 611 2660 ratic.
646 2590 728 2656 Nam
743 2592 947 2677 „pharetram
962 2590 1149 2674 exphcare“
1169 2594 1221 2657 est
1235 2610 1306 2654 cam
1329 2605 1335 2621 ‘

152 2688 281 2756 solvere
303 2691 456 2758 involutis
478 2693 607 2778 sagittis
635 2692 851 2776 complicitam
863 2713 871 2774 ;
899 2710 1028 2774 „arcum
1056 2691 1221 2756 enodara“
1241 2708 1308 2753 non

153 2787 343 2872 simphciter
364 2798 416 2857 est
435 2793 531 2857 nodis
554 2790 724 2860 exsolvere
752 2792 812 2857 sed
833 2809 966 2856 nervuum
987 2790 1082 2857 nodis
1106 2787 1308 2874 explicandis

153 2889 344 2957 dissolvere.
385 2891 562 2958 Dearmars
579 2914 673 2977 quum
687 2892 819 2975 proprie
842 2891 886 2954 sit
906 2911 994 2955 arma
1011 2890 1108 2956 alicui
1124 2891 1306 2974 detrahere,

153 2988 294 3072 aliquem
316 2991 509 3074 exspohare,
531 2998 567 3057 ut
588 3012 639 3075 ap.
661 2991 730 3058 Liv.
748 2990 802 3057 lV.
824 2989 873 3056 10.
888 2989 940 3053 hic
961 2973 1022 3072 p'er
1044 2994 1188 3075 speciem
1211 3010 1307 3076 quan-

153 3089 228 3152 dam
248 3090 369 3174 figurae
393 3091 629 3176 etymologicae
651 3092 709 3173 (cf.
722 3093 786 3174 Ap.
800 3089 862 3156 526
877 3090 1038 3156 desudare
1059 3089 1226 3172 sudorem)
1241 3109 1308 3154 non

154 3195 338 3254 accuratam
361 3190 499 3274 quidem,
522 3192 582 3256 scd
601 3193 758 3258 leviorem
780 3197 832 3255 est
849 3191 979 3257 dictum.
1026 3191 1190 3258 Dematore
1212 3189 1306 3254 Gato.

152 3288 260 3355 Plaut.
283 3295 399 3355 neutro
424 3311 522 3357 sensu
545 3297 579 3356 et
605 3289 754 3358 absolute
782 3292 922 3375 positum
945 3298 996 3357 est
1016 3294 1078 3376 Ap.
1101 3292 1177 3356 426:
1202 3308 1308 3374 quam·

155 3409 250 3474 quam
270 3391 468 3454 teterrimum
490 3411 527 3456 os
542 3395 630 3456 tuum
651 3393 811 3456 minimum
822 3411 841 3457 a
854 3391 998 3475 Thyesta
1012 3393 1137 3478 tragico
1154 3391 1309 3456 demutet.

155 3489 197 3554 cf.
218 3488 324 3556 Plaut.
340 3491 405 3557 Mil.
426 3488 478 3558 lv.
499 3491 529 3555 3.
551 3491 601 3558 37.
632 3492 731 3558 uror.
745 3489 768 3558 l.
789 3492 820 3558 5.
842 3492 885 3557 M.
907 3492 961 3558 XI.
985 3493 1045 3560 778
1058 3491 1188 3577 effipiam
1208 3487 1309 3554 Prud.

155 3585 267 3656 Sidon.
288 3589 330 3657 M.
353 3591 378 3658 Ι.
401 3591 450 3656 60.
474 3591 519 3656 Vl.
541 3589 612 3657 439.
635 3591 686 3657 lx.
708 3592 778 3657 661.
806 3589 849 3658 X.
872 3592 931 3657 707
955 3589 1310 3660 caesareanorum.

155 3689 239 3755 Gall.
261 3689 319 3755 IV.
339 3691 400 3755 272
422 3709 619 3754 ecamarcure
642 3711 667 3757 s.
693 3689 746 3758 Xl.
760 3692 821 3757 812
842 3699 986 3776 acaptare
1009 3711 1034 3757 s.
1049 3690 1090 3759 M.
1102 3692 1130 3760 I.
1146 3690 1188 3757 55
1201 3699 1308 3754 econt-

108 3843 113 3852 .
156 3789 236 3854 lure:
264 3790 396 3874 proprie
418 3790 536 3864 Plauto
559 3790 621 3856 soli
641 3791 792 3856 usitatum
814 3796 880 3855 est:
905 3790 991 3873 quod
1013 3791 1154 3856 verbum.
1168 3788 1312 3873 quamvis

154 3889 315 3955 translata
336 3890 572 3973 significatione
589 3889 704 3956 Cicero
725 3892 797 3975 ipse
821 3909 889 3956 nou
909 3892 1080 3974 respuerit,
1096 3889 1312 3968 Quintilianus

155 3995 265 4054 tamar
285 3989 312 4056 I.
332 3990 383 4056 60.
397 3990 448 4056 40.
469 3992 554 4057 inter
577 4010 617 4056 aa
637 3991 749 4075 refert,
766 4011 847 4075 qnae
870 3989 1051 4056 obliteratis
1072 3989 1214 4076 repetita
1233 3996 1311 4055 tem-

155 4089 291 4174 poribus
312 4109 378 4154 non
399 4091 483 4155 bene
506 4092 623 4156 crebra
644 4097 847 4175 usurpantur,
876 4091 964 4176 quod
991 4090 1069 4155 nihil
1091 4090 1133 4156 sit
1155 4109 1195 4155 ea
1218 4089 1311 4154 affec·

155 4189 280 4254 tatione
303 4189 457 4255 odiosius.
472 4189 512 4255 Μ.
528 4191 614 4257 113.
630 4193 680 4260 37.
693 4192 747 4258 1v.
762 4181 822 4258 251
843 4189 981 4275 effrieore
992 4189 1068 4256 Sen.
1085 4210 1136 4273 ep.
1152 4190 1202 4257 95.
1220 4190 1312 4255 Tert.

59 4337 62 4348 .
156 4287 230 4354 VII.
237 4288 297 4352 491
310 4289 493 4354 emasculare
508 4287 601 4374 Seru.
613 4291 664 4357 ad.
679 4291 780 4376 Verg.
792 4294 873 4356 Aen.
882 4292 934 4358 VI.
947 4286 1114 4358 661.Μ.Χ.
1128 4290 1187 4354 717
1203 4310 1304 4353 emun-

157 4388 231 4453 dare
247 4387 316 4456 001,
335 4389 413 4458 ibid.
429 4390 584 4454 weombre
606 4411 631 4457 s.
646 4392 709 4475 Ap.
730 4391 794 4457 495
819 4391 984 4456 eadorsure
997 4391 1102 4456 Plaut.
1124 4389 1167 4455 ib.
1189 4388 1251 4454 592
1264 4407 1313 4451 ee·

156 4501 299 4554 tenueere
320 4511 345 4558 s.
365 4489 503 4558 οΡ1.Π.
524 4489 586 4556 248
600 4490 744 4574 effueeere
758 4512 785 4559 s.
800 4490 962 4576 (usitatius
979 4498 1031 4558 est
1051 4489 1252 4572 defaecare.)
1273 4484 1313 4550 M.
1398 4481 1400 4498 '

156 4591 249 4658 VIII.
267 4590 329 4657 543
350 4591 522 4660 emaculare:
537 4592 668 4680 proprie
683 4593 852 4676 usurparit
866 4590 1000 4680 (Plaut.)
1017 4600 1051 4662 et
1065 4589 1222 4664 sanstae
1237 4587 1313 4656 VII.

953 4749 963 4768 0
1088 4709 1120 4765 10
