3128 5300
845 479 887 548 to

279 679 389 746 nitatis
412 699 538 746 omnem
559 679 701 764 speciem
722 679 920 748 amitterent:
948 682 1117 768 inquibus
1141 691 1192 750 est
1215 687 1312 752 etiam
1332 709 1428 772 scena,

282 781 369 864 quod
390 781 547 864 Apuleius
569 780 695 846 videtur
716 780 884 846 adamasse
898 783 1096 868 actioneque
1113 786 1140 850 si
1153 807 1220 851 non
1234 808 1322 853 nova
1337 795 1428 854 certe

278 881 483 946 inusitatione
499 880 716 964 frequentavit
730 881 772 946 M.
787 881 839 947 lV.
858 881 917 946 281
941 883 1066 950 Saeuum
1081 885 1210 972 denique,
1225 907 1314 972 quam
1328 900 1431 974 sponte

276 993 451 1067 sumpserat,
477 1001 544 1044 eum
566 981 665 1045 animo
691 982 819 1045 retenens
846 980 901 1064 (de
929 983 1056 1050 latrone
1082 986 1150 1050 ursi
1175 986 1294 1069 pellem
1316 1008 1429 1070 parso-

276 1101 412 1164 namque
435 1079 594 1164 gerente).
615 1082 658 1149 ib.
679 1081 741 1147 293
762 1081 867 1168 Specta
889 1082 1012 1170 dene'que
1031 1107 1149 1150 scenam
1170 1108 1250 1152 meae
1271 1087 1429 1152 calamitu-

275 1183 323 1248 tu'c.
344 1179 511 1247 v111.538
533 1181 652 1247 Placuit
681 1181 837 1268 llerasyllo
858 1204 946 1248 scene
973 1185 1115 1267 feralium
1137 1187 1326 1270 nuptiarum.
1366 1187 1429 1252 His

274 1281 357 1348 locis
378 1281 496 1364 ubique
517 1282 683 1348 notionem
704 1283 804 1347 habet
824 1283 957 1365 primam
972 1291 1127 1350 externae
1144 1286 1266 1368 speciei
1290 1289 1357 1352 sive
1374 1289 1428 1352 ha·

272 1381 375 1445 bitus:
398 1399 439 1445 ex
461 1402 524 1464 qua
545 1382 662 1446 deinde
685 1380 782 1446 facile
805 1383 949 1448 decessit
968 1385 1002 1448 in
1028 1385 1171 1465 alteram,
1201 1406 1265 1468 qua
1286 1407 1346 1470 pro
1374 1409 1429 1472 ap-

278 1485 393 1566 paratu
415 1481 483 1545 sive
505 1482 742 1546 machinatione
763 1482 816 1547 vel
831 1483 997 1550 fraudibus
1019 1488 1201 1569 usurpatur,
1225 1485 1340 1569 quibus
1358 1489 1430 1570 quis

273 1584 380 1646 utatur
400 1577 440 1646 Μ.
457 1581 546 1647 Vlll.
567 1582 630 1648 530
651 1603 769 1646 scenam
784 1587 910 1667 pessunt
929 1582 1082 1670 Thrasylli
1094 1585 1287 1670 perspiciens.
1303 1587 1347 1651 ilo.
1366 1586 1431 1652 532

273 1701 442 1766 omnemque
466 1702 584 1746 scenam
613 1681 728 1747 sceleris
755 1681 914 1747 illuminat.
935 1683 992 1751 tx.
1014 1685 1076 1750 622
1096 1706 1198 1748 saeuos
1216 1684 1430 1768 fraudulentas

271 1782 303 1846 iu
324 1783 449 1848 exituum
469 1782 633 1847 misereatui
650 1784 758 1848 mariti
776 1782 971 1851 construebat.

357 1981 535 2066 Postquam
556 1982 686 2048 nomina
708 2005 803 2067 quam
816 1984 1003 2068 plenissime
1019 1983 1224 2066 absolvimus,
1247 1987 1429 2070 proximum

271 2089 330 2163 est,
353 2089 389 2149 ut
402 2086 500 2150 verba
520 2084 755 2168 verborumque
778 2085 902 2148 varium
915 2091 1150 2168 pertractemus
1172 2106 1273 2152 usum.
1305 2083 1427 2168 Seque-

254 2206 339 2252 ‚mur
358 2189 473 2262 autem,
496 2185 549 2268 qui
571 2188 687 2268 sponte
705 2204 740 2250 se
755 2187 900 2270 praebet,
915 2185 1061 2250 ordinem
1079 2184 1338 2268 declinationum,
1363 2187 1429 2251 etsi

269 2305 335 2350 non
355 2283 460 2348 ubivis
484 2303 524 2348 eo
548 2283 659 2349 stricta
682 2289 778 2369 atque
801 2291 951 2350 accurate
974 2285 1221 2366 continebimur,
1248 2285 1346 2367 idque
1370 2286 1426 2370 ita,

269 2390 304 2448 ut
323 2384 425 2448 verba
444 2382 577 2450 insolita
598 2384 702 2449 forma
723 2384 843 2468 Apulei
870 2385 1022 2452 dictionis
1044 2387 1179 2470 propria
1202 2403 1427 2453 enumeremus

268 2485 302 2549 in
324 2482 534 2569 singulisque,
554 2488 590 2548 ut
611 2504 758 2568 quaeque
782 2492 960 2551 memoratu
975 2485 1164 2570 dignissima
1180 2483 1253 2568 sint,
1277 2485 1424 2568 singilla-

268 2585 325 2650 tim
346 2584 545 2662 adnotemus,
567 2589 622 2649 aut
644 2603 777 2669 quorum
790 2587 881 2650 notio
898 2585 1064 2669 avulgata
1079 2584 1249 2650 deflexerit
1268 2591 1323 2648 aut
1339 2606 1424 2670 quae

267 2703 439 2772 perperam
463 2687 497 2750 et
520 2690 635 2750 conae
660 2684 852 2768 optimorum
880 2686 1073 2770 scriptorum
1096 2706 1187 2750 usum
1214 2685 1326 2750 iuncta
1347 2687 1424 2753 sint.

269 2784 364 2866 Quod
385 2784 501 2850 attinet
527 2784 569 2849 ad
589 2783 733 2866 formam,
760 2785 852 2851 vario
879 2787 976 2850 modo
1003 2785 1133 2850 noviter
1160 2783 1299 2850 conficta
1320 2789 1427 2854 verba

267 2886 455 2972 reperimus.
492 2883 638 2950 Omnium
658 2884 786 2950 minime
803 2885 938 2950 offendit
961 2905 1200 2969 geneseorum,
1225 2905 1306 2968 quae
1329 2907 1425 2970 prae-

266 2986 438 3072 positionis
466 2985 699 3069 compositione
727 2992 848 3052 novata
869 2992 952 3066 sunt,
983 3006 1078 3070 quarn
1104 2986 1215 3069 purior
1237 3005 1343 3053 sermo
1368 2993 1426 3051 aut

269 3087 399 3152 omnino
421 3087 537 3152 reiecit
567 3091 622 3152 aut
644 3105 707 3168 qua
728 3087 823 3152 aliam
844 3087 955 3152 habuit
975 3087 1152 3170 potiorem
1179 3089 1338 3170 quaedam
1356 3090 1422 3154 alio

266 3188 359 3254 verbi
368 3207 488 3272 genere
500 3190 655 3270 usurpata
669 3191 751 3270 sunt,
768 3192 864 3272 atque
879 3187 976 3272 vulgo
992 3186 1155 3271 obtineam
1171 3188 1288 3253 deinde
1303 3210 1424 3274 magna

267 3311 344 3375 pars
367 3309 408 3354 ex
425 3289 534 3374 prisco
557 3305 704 3352 sermone
730 3287 892 3370 inprimis
916 3287 1110 3353 comicorum
1137 3292 1285 3353 veterum
1305 3289 1423 3355 hausta

267 3397 325 3466 est,
354 3390 469 3476 quibus
492 3409 590 3454 aurea
608 3387 739 3470 linguae
773 3391 864 3452 aetas
895 3387 991 3452 facile
1014 3387 1132 3472 caruit3
1164 3394 1331 3472 postremo
1354 3410 1422 3455 non

265 3510 370 3577 pauca
389 3511 524 3576 prorsus
544 3489 691 3555 inaudita
710 3487 906 3571 primumque
933 3488 973 3551 ab
996 3489 1136 3572 Apuleio
1158 3489 1320 3554 latinitate
1347 3495 1422 3554 sunt

267 3592 463 3658 condonata:
494 3610 575 3675 quae
604 3590 740 3674 quidem,
768 3595 802 3654 ut
827 3589 920 3654 initio
949 3590 1147 3675 quaestionis
1174 3590 1207 3652 in
1234 3591 1421 3656 universum

265 3691 450 3774 monuimus,
477 3713 543 3756 non
565 3697 679 3758 contra
699 3689 863 3774 ingenium
882 3710 988 3774 neque
1014 3690 1107 3774 leges
1129 3690 1259 3775 linguae
1279 3690 1421 3756 formata

266 3797 348 3858 sunt.
385 3790 497 3858 Verba
516 3799 630 3860 neutra
652 3793 719 3858 sive
743 3791 949 3875 deponentia,
973 3810 1056 3874 quae
1077 3796 1132 3854 aut
1144 3796 1280 3874 propter
1293 3791 1417 3856 novita-

265 3899 330 3960 tem
350 3892 473 3960 formae
498 3898 623 3960 tantum
642 3893 677 3960 in
698 3892 846 3960 not'tiam
872 3891 1006 3958 veniunt
1030 3891 1137 3955 autin
1160 3891 1274 3973 quibus
1298 3891 1419 3974 aliquid

266 3993 430 4080 proprium
457 4013 567 4058 eorum
594 3992 911 4059 animadvertendum
939 3995 997 4074 est,
1026 3991 1046 4054 i.
1070 4010 1097 4056 e.
1121 4011 1202 4075 quae
1234 3991 1288 4054 vel
1315 3990 1419 4055 forma

267 4095 386 4178 agendi
413 4093 619 4180 reperiuntur
644 4093 698 4157 vel
725 4093 858 4158 notione
880 4090 1026 4175 patiendi
1047 4084 1137 4158 iices
1168 4091 1345 4172 obtinente,
1379 4111 1420 4154 ea

267 4195 402 4262 seorsim
438 4215 496 4264 suo
532 4211 679 4277 quaeque
711 4192 786 4260 loco
823 4192 1056 4259 tractabuntur.
1103 4193 1211 4275 Atque
1246 4191 1417 4256 ordinandi

265 4295 392 4382 singula
422 4316 491 4362 eam
521 4294 681 4360 rationem
714 4299 865 4379 expertus
895 4313 975 4368 sum,
1008 4299 1044 4359 ut
1078 4293 1253 4377 separatim
1286 4292 1415 4376 collige-

264 4419 333 4466 rem
367 4397 468 4464 veiha
496 4395 731 4482 compositione
763 4400 893 4478 novata,
930 4395 1030 4460 verba
1058 4393 1298 4478 frequentativa
1323 4393 1415 4458 etin·

265 4500 401 4582 tensiva,
431 4497 571 4581 denique
600 4496 701 4562 verba
728 4495 887 4582 simplicia
913 4494 934 4560 i.
964 4515 992 4560 e.
1020 4515 1087 4558 non
1119 4493 1313 4578 composita,
1357 4493 1417 4558 sed

265 4600 365 4670 totius
401 4595 524 4662 formae
560 4597 703 4664 novitate
741 4595 890 4682 insignia.
951 4594 1072 4661 Verum
1112 4595 1204 4661 huius
1231 4593 1415 4681 partitionis

265 4720 327 4773 acc
348 4697 444 4765 lacile
468 4697 677 4784 exsequenda
696 4717 802 4786 neque
816 4697 992 4787 perspicua
1004 4702 1060 4764 aut
1082 4702 1159 4785 apta
1181 4697 1310 4784 eudem
1329 4695 1416 4764 ratio
