3128 5300
716 409 738 479 5

153 617 252 697 taque
270 615 332 680 sibi
346 619 519 698 promeret,
535 615 661 700 aliaque
676 616 827 681 licentius
844 620 877 680 et
890 616 1083 682 insolentius
1099 616 1302 700 confinxisse,

154 734 289 799 quorum
321 715 432 797 lepida
463 715 608 781 novitate
640 722 672 780 et
705 723 820 800 arguta
852 738 997 800 sonoque
1031 718 1174 782 inaudito
1208 736 1303 782 aures

152 813 311 878 titillaret.
357 813 475 878 Cetera
498 835 624 898 quoquc
648 818 689 881 ad
711 819 928 882 exornandam
957 817 1136 880 orationem
1158 817 1303 882 studiose

155 913 351 996 conquisivit
372 915 535 979 rhetorica
558 915 710 992 arteficia,
733 917 1002 1000 considerateque
1026 916 1169 981 adhibuit
1190 917 1304 981 verbo·

154 1038 222 1080 rum
247 1015 389 1080 suaviter
418 1017 664 1079 consonantium
685 1023 862 1100 congestos
885 1017 1045 1100 cumulos,
1073 1017 1305 1082 sententiarum

153 1116 345 1180 concinnam
366 1116 492 1191 seriem,
520 1117 793 1181 constructionum
815 1116 1016 1181 insolitarum
1031 1116 1206 1193 audaciam,
1227 1117 1304 1200 figu-

153 1237 261 1282 rarum
300 1215 513 1298 frequentium
543 1215 789 1300 iucunditatem,
831 1215 1071 1282 similitudinum
1109 1221 1163 1280 aut
1193 1237 1305 1299 parum

154 1323 300 1401 aptarum
334 1320 389 1379 aut
420 1315 548 1399 longius
582 1316 749 1381 ductarum
775 1317 911 1401 copiam.
973 1316 1102 1399 Ubique
1126 1317 1306 1381 orationem

154 1437 357 1500 summopere
384 1416 516 1480 affectat
543 1419 647 1500 neque
677 1418 772 1482 aliter
794 1437 864 1482 eam
886 1416 948 1481 nisi
970 1417 1152 1480 artcficiose
1176 1413 1305 1478 affecta·

154 1527 221 1585 tam
244 1516 311 1580 vult
333 1515 452 1598 accipi:
474 1516 544 1598 ipse
569 1538 603 1582 se
625 1519 667 1582 ad
686 1519 867 1602 aequalium
896 1517 1003 1580 studia
1024 1521 1214 1600 gustumque
1235 1535 1305 1580 cor·

153 1626 282 1702 ruptum
303 1616 394 1698 quasi
415 1617 647 1700 accomodavit,
672 1618 857 1682 sincerioris
880 1638 956 1683 usus
978 1638 1043 1681 non
1066 1614 1207 1681 nescius.

240 1718 366 1782 Etenim
394 1737 488 1799 quem
516 1717 556 1781 de
584 1718 692 1800 magia
724 1717 840 1782 librum
870 1717 1014 1800 reliquit,
1047 1715 1195 1800 locuples
1228 1737 1307 1782 sane

153 1821 250 1902 testis
270 1825 321 1883 est
342 1818 574 1882 moderationis
597 1818 690 1881 iustis
717 1837 752 1881 se
774 1819 889 1882 finibus
912 1818 1106 1882 coercentis.
1155 1817 1204 1878 lbi
1224 1817 1308 1880 enim

155 1922 245 1986 exuit
271 1919 398 1982 nimiam
426 1918 512 1982 illam
543 1917 700 1982 sermonis
728 1919 895 1983 lasciviam
925 1923 958 1982 et
985 1917 1167 2001 antiquaria
1194 1922 1228 1980 et
1255 1937 1307 1981 an·

154 2025 270 2088 dacter
297 2020 451 2084 innovata
476 2020 591 2099 verba,
625 2019 687 2084 etsi
714 2038 779 2082 uon
807 2019 908 2102 adeo,
935 2023 970 2082 ut
994 2037 1059 2082 non
1081 2017 1307 2083 internoscere

155 2121 265 2206 possis
288 2139 374 2184 mere
399 2119 596 2202 Apuleiana,
626 2120 804 2202 quaesitam
827 2124 1071 2201 contortamque
1093 2117 1267 2182 dictionem
1290 2139 1309 2182 a

153 2221 301 2305 legitima
332 2219 531 2302 simplicique
565 2221 716 2286 castitate
738 2221 854 2303 procul
879 2224 1050 2303 remotam,
1077 2218 1227 2301 maxime,
1255 2219 1311 2282 ubi

155 2320 287 2406 gravius
308 2325 541 2402 commovetur,
567 2320 827 2404 concitatiorem,
854 2320 908 2383 ubi
927 2319 1043 2384 relicta
1064 2319 1310 2402 argumentandi

154 2422 241 2488 serie
264 2421 306 2484 ad
328 2419 565 2501 descriptiones
588 2420 778 2503 digreditur,
800 2425 924 2485 tumore
947 2419 1168 2503 insurgentem
1188 2420 1309 2484 verbis-

154 2541 217 2606 que
252 2520 348 2585 etiam
379 2519 613 2586 horridioribus
630 2519 872 2602 interspersum.
930 2519 1081 2584 Ceterum
1110 2526 1219 2584 narrat
1239 2519 1309 2584 sim-

151 2621 300 2705 pliciter,
328 2639 441 2703 presse
466 2627 499 2685 et
521 2620 660 2685 dilucide
686 2639 819 2694 caussas
842 2619 1021 2684 concludit:
1050 2619 1151 2683 verba
1176 2624 1311 2701 usurpat

152 2711 289 2807 prdprie
319 2720 512 2804 parciusque
540 2738 645 2803 neque
675 2721 830 2784 audacter
862 2720 1007 2784 immutat
1024 2723 1059 2784 et
1084 2719 1131 2784 ita
1158 2719 1309 2801 collocat,

152 2830 191 2888 ut
209 2823 327 2905 ubique
351 2822 432 2886 dura
454 2820 540 2885 absit
560 2818 778 2904 neglegentia,
801 2821 864 2886 etsi
884 2840 951 2884 nou
973 2839 1101 2902 semper
1125 2821 1312 2886 ostentandi

154 2929 258 2988 artem
272 2923 392 2986 vitetur
415 2920 568 3003 suspicio.
613 2918 800 2985 Sententiae
821 2941 887 2986 non
907 2926 974 2985 tam
994 2926 1090 2986 vasto·
1105 2921 1226 2985 ambitu
1241 2942 1310 2986 ver-

152 3025 270 3087 borum
290 3021 398 3104 struit,
426 3021 486 3086 sed
515 3021 669 3086 brevibus
690 3025 723 3085 ot
744 3023 869 3104 pressis
891 3021 1187 3087 continuationibus
1209 3027 1311 3087 totam

153 3123 335 3187 orationem
357 3120 535 3186 modestius
558 3120 724 3203 componit
745 3141 783 3185 ae
805 3122 933 3186 facilius
956 3121 1130 3187 concludit.
1161 3119 1228 3186 Sed
1248 3122 1312 3185 iam

152 3227 251 3289 totius
280 3225 427 3288 dictionis
455 3224 521 3287 cius
547 3225 736 3287 varietatem
758 3221 941 3287 accuratius
963 3221 1209 3304 perlustremus:
1238 3243 1312 3286 nam

152 3345 220 3390 non
244 3323 346 3390 solum
368 3315 401 3386 in
424 3321 549 3387 forensi
571 3322 771 3406 eloquentia,
787 3327 940 3388 versatus
964 3327 1015 3388 est
1037 3324 1096 3388 sed
1119 3324 1226 3388 omnia
1248 3324 1311 3389 ela-

150 3425 286 3490 boravit
308 3441 439 3506 genera.
483 3422 621 3487 Praeter
644 3421 785 3487 carmina
808 3421 892 3488 enim
913 3423 1076 3506 multaque
1092 3425 1254 3489 volumina
1271 3427 1311 3491 de
1386 3438 1393 3452 ⁸

150 3527 250 3591 robus
274 3525 316 3588 ad
336 3527 472 3585 naturae
497 3521 717 3605 cognitionem
737 3523 976 3607 pertinentibus
1006 3524 1204 3609 conscripta,
1228 3546 1310 3609 qnae

147 3611 219 3691 lion
248 3624 290 3689 ad
319 3643 379 3688 nos
398 3628 632 3706 pervenerunt,
667 3624 763 3688 etiam
793 3623 1039 3708 philosophicos
1066 3624 1197 3690 libellos
1227 3646 1310 3691 eom-

151 3725 274 3811 posuit.
317 3721 459 3800 Quorum
479 3722 565 3787 ratio
588 3728 685 3805 atque
708 3724 813 3790 oratio
836 3723 915 3789 nihil
932 3725 1031 3790 habet
1046 3726 1130 3790 adeo
1147 3727 1313 3809 proprium

152 3831 253 3911 atque
276 3825 423 3906 insigne:
446 3827 572 3906 sumpta
593 3822 677 3886 enim
700 3831 751 3890 est
773 3844 791 3890 e
815 3823 963 3890 Senecae
986 3838 1019 3890 et
1037 3825 1207 3890 Ciceronis
1230 3827 1312 3891 simi·

155 3928 243 3993 libus
265 3925 367 4007 libris,
391 3923 452 3986 nisi
474 3924 560 4007 quod
580 3923 614 3988 in
637 3925 807 3990 sententiis
824 3926 1037 3991 conectendis
1052 3925 1217 3990 difficilior
1232 3931 1266 3990 et
1279 3927 1314 3994 in

151 4029 264 4093 verbis
301 4027 343 4090 ad
376 4023 605 4106 significandus
632 4023 819 4090 inusitatae
853 4027 1009 4092 materiae
1042 4046 1096 4092 res
1125 4031 1312 4095 necessarie

153 4125 381 4210 confingendis
415 4124 581 4208 aliquanto
617 4130 669 4190 est
702 4127 867 4192 audacior.
910 4126 1091 4194 Praeterea
1121 4148 1215 4210 quum
1242 4129 1311 4196 fere

155 4233 246 4293 totus
271 4226 470 4292 Graecorum
487 4225 616 4308 scriptis
632 4226 760 4310 nitatur,
783 4226 884 4293 multa
899 4233 1071 4294 accuratae
1088 4219 1316 4296 conversionis

155 4327 302 4412 speciem
323 4346 401 4410 prae
426 4345 461 4392 se
484 4324 593 4389 ierunt
614 4326 723 4410 itaque
745 4327 779 4391 in
798 4329 1013 4394 examinanda
1033 4327 1153 4412 Apulei
1170 4329 1311 4396 dictione

151 4429 258 4494 minus
282 4427 479 4512 respiciendi
504 4431 587 4492 sunt.
631 4426 782 4492 Ceterum
805 4429 901 4494 etiam
921 4429 1087 4512 incompta
1109 4431 1246 4513 quadam
1266 4430 1311 4494 in·

153 4529 246 4596 curia
273 4548 443 4614 rerumque
471 4532 683 4594 tractatarum
712 4528 901 4595 difficultate
920 4528 1019 4594 multo
1041 4527 1143 4596 minus
1166 4535 1243 4596 sunt
1262 4551 1312 4596 ce·

149 4631 233 4698 teris
257 4629 398 4704 incundi.
443 4629 573 4696 Maximi
598 4628 735 4700 omnium
757 4629 918 4710 momenti,
945 4628 973 4698 si
995 4635 1029 4700 et
1051 4628 1170 4698 ambitu
1192 4634 1226 4694 et
1240 4649 1311 4722 gra·
