3128 5300
270 548 372 624 ritate
404 552 565 638 metimur,
592 553 902 638 metamorphoseon
930 556 1003 622 libri
1030 558 1117 622 sunt:
1148 557 1194 622 ibi
1221 559 1305 624 enim
1332 561 1415 626 ratio
1527 555 1530 562 ⁴

269 648 339 714 eius
366 651 544 736 clarissime
570 654 821 738 plenissimeque
849 657 993 740 aperitur
1018 657 1154 740 illasque
1182 659 1326 724 ostendit
1352 680 1414 724 me·

268 751 442 838 manabiles
455 755 634 834 ,admodum
647 755 866 840 proprietates
888 757 1050 840 plurimas,
1077 779 1157 839 quas
1179 758 1308 824 omnino
1329 759 1414 842 Apu·

266 853 392 918 leianas
414 874 488 921 esse
509 855 654 921 volumus
677 861 711 921 ot
731 856 772 921 de
795 854 908 939 quibus
922 859 955 921 in
970 858 1080 940 primis
1094 858 1177 922 haec
1192 862 1244 924 est
1258 859 1415 941 quaestio.

268 950 397 1030 Similes
416 959 493 1019 sunt
514 955 589 1036 illae
612 957 848 1036 oratiunculae,
875 979 957 1042 quae
981 959 1039 1024 sub
1061 958 1265 1024 Floridorum
1286 959 1414 1024 nomine

268 1053 466 1139 accepimus,
499 1054 682 1140 inquibus
715 1054 800 1122 idem
827 1060 980 1124 tumidum
1008 1064 1041 1124 et
1073 1059 1256 1126 affectatum
1290 1065 1324 1124 et
1350 1080 1416 1125 non

268 1147 428 1238 nunquam
455 1155 613 1234 ,lasqirum
641 1161 693 1222 est
714 1158 844 1224 dicendi
866 1180 969 1242 genus
992 1165 1026 1224 et
1051 1160 1223 1224 verborum
1243 1179 1415 1226 numerose

268 1254 532 1322 collocandorum
554 1261 708 1322 accurata
730 1257 900 1340 diligentia
923 1261 1067 1325 adhibita
1086 1260 1141 1342 ita,
1164 1266 1199 1323 ut
1218 1260 1325 1325 omnia
1338 1259 1416 1324 leni·

267 1359 319 1417 ter
339 1355 490 1440 fluerent,
510 1363 593 1439 [apte
623 1359 779 1422 caderent
800 1359 1012 1444 membrisque
1035 1360 1158 1424 crebris
1181 1360 1416 1444 distingueren-

266 1459 333 1532 ιιι.
360 1453 470 1536 ,ιὸιιι
492 1458 589 1534 etiam
617 1458 772 1526 nonnulla
800 1479 897 1544 super
923 1460 1201 1542 exspectationem
1228 1459 1418 1542 simpliciter

267 1560 400 1636 narrata
420 1561 454 1636 et
474 1564 610 1637 uenuste
633 1560 807 1642 descripta
815 1561 848 1643 *J
894 1561 1087 1644 Plerumque
1114 1566 1221 1626 autem
1242 1559 1339 1624 nimio
1363 1579 1415 1624 re·

266 1654 404 1734 nustatis
432 1658 538 1722 studio
564 1657 596 1735 in
626 1661 820 1725 contrarium
848 1662 1009 1727 delabitur
1036 1661 1141 1726 oratio
1167 1660 1416 1744 infringitnrque

266 1774 305 1818 ao
332 1731 556 1838 dissolvitur
531 1781 585 1824 -ιιι
609 1766 720 1844 partes
750 1761 993 1842 minutissimae,
1028 1762 1199 1826 verborum
1233 1766 1283 1825 art
1269 1759 1418 1830 toficiesa

267 1857 452 1921 concinnita
434 1862 486 1922 ate
509 1859 725 1934 cohaerentes
747 1860 864 1926 etsibi
887 1861 1136 1944 respondentes,
1158 1861 1307 1975 omnique
1325 1879 1416 1942 argu·

264 1955 379 2020 tiarum
385 1975 530 2039 genere
542 1959 665 2024 infucat
651 1965 713 2026 t.as

346 2057 397 2124 nx
417 2058 479 2124 hac
497 2058 573 2128 dict'
551 2061 650 2137 tronis
671 2060 839 2142 varietate,
863 2081 955 2145 quam
970 2061 1090 2146 primus
1106 2062 1210 2128 sensit
1224 2060 1284 2126 sed
1299 2060 1414 2144 paucis

263 2161 387 2225 tanturn
402 2159 511 2238 verbis
524 2160 641 2248 attigit
654 2159 936 2246 Ruhnkeniusii),
960 2162 1107 2246 quaestio
1124 2162 1234 2244 oritur,
1258 2180 1414 2245 quosnam

264 2257 367 2328 libros
387 2260 478 2341 prius
494 2261 739 2344 composuerit:
780 2283 874 2348 quam
892 2263 944 2328 hle
964 2263 1220 2343 interponamus,
1256 2262 1319 2328 etsi
1338 2261 1416 2326 novi

265 2356 344 2420 nihil
365 2359 579 2441 proferamus
595 2361 879 2431 ‹Verisimillimum
894 2367 953 2441 est,
976 2361 1110 2444 primum
1126 2381 1197 2426 eum
1211 2360 1416 2445 Apologiam,

266 2457 341 2540 dein
358 2458 505 2542 Florida,
526 2482 611 2546 quae
630 2461 769 2527 medium
790 2462 860 2527 iere
882 2463 988 2528 locum
1010 2462 1165 2545 obtinent,
1188 2461 1327 2545 demque
1342 2480 1416 2543 pro·

265 2565 392 2642 veotpm
412 2561 476 2628 iam
497 2568 604 2636 aetate
626 2562 906 2645 Metamorphoses
930 2562 1181 2645 conscripsisse:
1204 2581 1297 2652 qnam
1317 2559 1417 2642 scrip·

263 2663 369 2727 torum
383 2661 634 2745 dispositionem
652 2664 793 2747 probant
806 2661 1018 2746 plurimiffl)
1034 2681 1168 2746 eamque
1191 2661 1340 2742 recipere
1357 2657 1416 2724 ile·

265 2778 359 2826 cessa
378 2764 521 2844 estetsi
542 2783 608 2836 non
626 2764 689 2838 hoc
710 2775 858 2846 premere
882 2783 963 2847 opus
986 2766 1045 2843 est,
1074 2761 1162 2845 quod
1182 2761 1373 2843 Kruegerus
1387 2758 1417 2826 :l.

265 2878 293 2932 c,
315 2880 368 2943 pg.
388 2859 447 2938 ¹VI.
472 2863 587 2947 attulit,
603 2863 726 2947 ·Apulei
747 2864 869 2946 scripta
890 2861 1071 2944 exemplum
1092 2881 1168 2928 esse
1188 2861 1417 2944 ingravescen-

264 2959 307 3026 tis
338 2960 490 3028 dictionis
506 2962 676 3040 ·Afrioaet
703 2963 822 3047 quippe
849 2963 1044 3047 Apologiam
1076 2962 1231 3045 simplicis
1258 2960 1416 3026 orationis

264 3059 382 3130 leviter
402 3065 525 3128 tantum
553 3062 727 3147 infucatae,
756 3069 868 3129 cetera
895 3062 1033 3128 affectae
1055 3067 1089 3128 et
1109 3063 1173 3129 iam
1200 3059 1424 3144 prorsusyinr·¹

265 3161 362 3240 butae
385 3163 548 3245 pravitate·
562 3162 747 3238 Africanum
769 3163 964 3246 scriptorum
978 3162 1081 3246 magis
1101 3162 1270 3244 magisque
1290 3179 1419 3244 percre-

264 3262 453 3346 bresceute
467 3263 627 3346 praebere
655 3265 829 3347 specimen.
870 3263 956 3328 Huic
982 3262 1127 3346 opinioni
1154 3261 1421 3334 adversatnsest

264 3361 473 3450 doctissimus
499 3363 626 3454 Apulei
657 3365 726 3440 edit
712 3370 765 3438 tor
795 3358 1104 3446 Hildebraudius†)‚
1127 3362 1187 3428 sad
1220 3361 1418 3452 argumentis

265 3462 359 3529 nixus
387 3462 482 3544 valde
500 3465 650 3544 ¹:infirmis
678 3485 818 3550 quorum
839 3464 983 3544 alterum,
1007 3461 1265 3526 similitudinem
1261 3457 1420 3534 curriculi

267 3561 353 3646 vitea
377 3563 564 3642 adumbrate
586 3582 636 3630 me
638 3565 899 3649 tamorphosibus
917 3581 1114 3646 expressam,
1136 3549 1419 3641 fusiusexpliesrs

265 3663 398 3748 longum
420 3669 480 3742 est.
456 3663 666 3742 tAlterum
688 3670 748 3748 est,
771 3664 858 3749 quod
871 3662 1034 3776 turgidum
1056 3666 1090 3725 et
1104 3659 1146 3724 ad
1159 3659 1302 3727 taedium
1315 3677 1419 3756 usque

267 3757 435 3834 luxurians
457 3783 579 3847 genus
573 3764 722 3849 dicendi,
758 3765 929 3830 verborum
950 3761 1077 3826 nimiam
1105 3760 1231 3844 copiam
1253 3765 1287 3826 et
1308 3758 1420 3838 fucata

268 3864 325 3928 illa
328 3864 521 3950 pigmenta,
554 3864 692 3950 denique
714 3864 854 3930 vividam
875 3861 1071 3945 imaginandi
1094 3861 1356 3944 speciosamque
1351 3846 1419 3922 de

268 3965 436 4048 scribendi
452 3965 631 4046 rationem
639 3965 828 4031 necessarie
855 3968 949 4047 putat
968 3961 1144 4028 referenda
1170 3979 1245 4028 esse
1268 3957 1341 4025 ad
1331 3976 1420 4040 ruge·

267 4081 361 4148 l)
375 4081 453 4148 Flos.
471 4080 521 4152 Op
539 4079 590 4134 III.
602 4079 652 4134 IX
669 4079 750 4136 XVI.
766 4078 875 4136 XVIII.

337 4163 387 4232 li)
403 4164 496 4221 Praei.
515 4162 557 4228 ed.
578 4161 756 4233 Oudendorp.
772 4178 820 4234 pg.
837 4161 887 4216 ΠΙ.

335 4247 399 4320 m)
417 4239 528 4318 Zumpt
535 4245 632 4300 Jahrb.
650 4244 669 4301 l.
682 4245 841 4300 wissensch.
858 4242 923 4298 Krit
924 4243 960 4298 ik.
911 4241 1101 4298 tNormbr.
1122 4239 1192 4294 1843.
1205 4255 1252 4312 pg
1263 4240 1320 4296 dli.
1339 4211 1419 4320 hpo

267 4313 344 4401 logia
356 4329 398 4387 ed.
415 4331 449 4385 G.
461 4324 590 4398 Krueger‘
602 4317 672 4383 ΙΘιι.
681 4329 768 4400 praei.
778 4326 940 4396 Bernhardy
954 4325 1035 4381 Rom
1044 4325 1112 4379 Lib·
1119 4323 1222 4379 (lesch.
1233 4340 1278 4396 pg.
1291 4323 1349 4378 ara
1360 4309 1421 4377 823.

281 4415 361 4484 Ji)
379 4409 463 4468 Hun'c
486 4408 606 4467 seentus
624 4416 684 4467 est:
710 4405 858 4474 Erdmann,
881 4407 966 4464 dela.
982 4409 1087 4481 Apulei
1110 4406 1304 4462 Madaurensis
1324 4399 1418 4462 eloco-¹

271 4499 347 4554 tione
363 4497 463 4568 Progr.
473 4495 589 4552 fitandei
601 4495 680 4552 tarr:
698 4493 945 4550 inchoatatantum
955 4496 985 4548 et
996 4491 1141 4549 mnodum
1153 4491 1243 4557 axilis,
1259 4499 1315 4546 non
1330 4491 1420 4556 solnm

270 4583 295 4646 si
312 4583 417 4672 ambitu
429 4581 587 4653 ιιιιιίιιιιιι,·Ι
588 4578 844 4660 desertatiuncula.
