3068 5310
648 435 690 504 95

94 647 243 729 poematis
257 644 465 729 apparerei).
499 641 600 706 Multo
616 640 779 705 difficilius
795 643 846 704 est
865 637 962 716 dictu,
973 638 1077 721 qualis
1100 639 1131 702 ei
1153 639 1239 703 adiu·

96 746 227 810 dicanda
249 745 291 810 sit
313 741 352 809 M.
374 745 433 809 ΠΙ.
456 743 532 808 211:
567 739 712 805 Omnibus
732 739 850 803 adrectis
872 739 1008 803 amiculis
1028 737 1169 802 ltuctenue
1191 739 1240 803 de-

96 847 176 929 nique
196 846 342 909 intecti..
365 843 544 909 bacchamur
569 842 602 905 in
630 839 781 904 Venerem:
811 841 865 902 ubi
886 839 983 904 nexui
1010 839 1241 902 sententiarum

97 945 261 1028 sensuique
284 944 451 1027 aptissima
473 942 569 1007 luerit
591 959 695 1023 neque
717 937 953 1024 improbabilis:
981 939 1043 1000 iam
1063 959 1156 1016 nune,
1178 940 1240 1003 iarn

97 1047 238 1129 denique.
282 1043 427 1122 Quocum
443 1062 626 1126 congruens
643 1039 823 1122 exemplum
845 1057 1034 1121 comparare
1056 1039 1179 1102 iuvabit
1200 1059 1242 1102 ex
1290 1116 1292 1120 ι

97 1147 178 1213 Tert.
201 1145 315 1211 Pudio.
345 1144 398 1209 15:
435 1143 486 1227 qui
508 1141 751 1222 moechabatur,
779 1139 935 1203 hactenus
958 1158 1024 1201 uon
1045 1138 1240 1203 moechetur.

96 1250 232 1311 ibicum
254 1245 362 1310 verbis
390 1243 488 1313 eundi
514 1241 568 1307 veI
589 1238 817 1324 proficiscendi
839 1237 1043 1302 coniunctum
1070 1238 1243 1302 deterioris

96 1347 263 1411 latinitatis
286 1345 496 1412 soloecismus
513 1347 572 1424 est,
596 1341 741 1424 inprimis
763 1340 795 1402 in
814 1339 954 1426 Istorum
968 1337 1059 1404 libris
1076 1335 1243 1420 frequens:

97 1450 142 1512 eui
169 1443 402 1511 adnumerandi
427 1446 501 1509 sunt
528 1441 593 1506 loci
615 1437 655 1506 M.
683 1441 734 1506 lv.
757 1439 819 1504 250
849 1438 951 1515 Quum
978 1436 1022 1500 att
1044 1437 1244 1522 derepsissent.

96 1547 163 1614 VII.
184 1545 247 1612 485
264 1543 387 1631 pluueiee
414 1539 702 1626 conceptaculum..
724 1540 919 1624 conspicatus,
946 1537 991 1602 tte·
1013 1549 1116 1601 memet
1142 1537 1246 1602 udicio.

95 1649 150 1712 IIIa
170 1667 239 1710 non
263 1643 386 1708 difficili
401 1661 505 1724 neque
521 1639 655 1714 insolita
669 1640 732 1704 loci
748 1638 967 1722 temporisque
980 1637 1145 1701 notionum
1161 1657 1244 1702 com·

97 1748 278 1823 mutatione,
295 1761 387 1825 quam
406 1741 438 1804 in
457 1741 603 1804 omnibus
619 1740 738 1824 linguis
754 1737 1010 1802 animadvertere
1023 1737 1108 1820 licet,
1126 1738 1246 1820 dictum
1281 1781 1286 1796 .

99 1854 145 1910 est
165 1847 229 1928 Ap.
245 1843 306 1908 378
331 1841 377 1904 tu·
394 1861 462 1903 uero
479 1891 507 1904 ..
531 1842 713 1904 Aemilianus
725 1859 865 1924 quaerere
879 1839 987 1922 occepit
999 1843 1060 1900 eto.
1091 1835 1245 1902 Similiter

94 1949 203 2010 ibidem
219 1963 295 2027 pro:
311 1939 427 2005 eodem
440 1945 585 2022 tempore
598 1935 869 2022 legiturAp.562:
886 1937 991 2000 ibidem
1003 1937 1124 2000 diceudo
1139 1947 1242 2000 tacere.
1289 1979 1296 1990 ι

96 2045 232 2108 Decedit
255 2042 331 2106 iude
355 2039 444 2102 facili
466 2039 668 2103 derivatione
684 2040 716 2102 in
733 2039 1001 2122 significationem
1017 2039 1155 2121 „statim
1171 2057 1245 2102 con-

96 2142 220 2209 festim‘
244 2162 307 2226 qua
329 2140 415 2221 apud
429 2137 660 2203 Tertullianum
676 2144 733 2203 est.
749 2137 1041 2221 frequentissimum
1062 2137 1103 2202 cs.
1116 2137 1153 2203 Ι).
1165 2137 1245 2220 Fug.

94 2241 179 2307 Pers.
211 2241 239 2306 1.
264 2239 370 2304 DOor.
397 2239 426 2304 3.
452 2238 549 2320 Apol.
573 2240 602 2305 2.
625 2240 676 2305 50.
700 2238 814 2320 Scorp.
839 2239 865 2303 t.
908 2236 1032 2301 Eadem
1064 2233 1245 2303 deflexione

92 2345 179 2419 Inibi,
209 2341 394 2405 obsoletum
422 2339 622 2421 desitnmque
650 2341 681 2403 in
711 2339 847 2404 cultiore
878 2359 1026 2404 sannone
1055 2337 1247 2402 vocabulum

98 2441 210 2520 (Plaut.
234 2439 327 2504 Cato.
351 2439 450 2524 Gall.)
472 2441 615 2521 quamvis
643 2441 740 2523 vulgo
764 2440 805 2504 ad
823 2439 927 2503 Iocum
947 2440 1111 2522 pertineat
1131 2439 1173 2504 M.
1197 2438 1247 2503 v1.

95 2541 161 2619 tut.
182 2541 276 2605 VIII.
298 2539 369 2604 568.
394 2538 591 2605 589.1.67:
621 2539 702 2632 Inibi
723 2539 796 2604 Milo
825 2543 1006 2623 deserentur,
1030 2539 1071 2603 ad
1094 2539 1253 2621 temporis

97 2624 252 2706 rationem
275 2645 326 2704 est
346 2639 563 2702 revocandum
583 2640 623 2705 M.
646 2641 687 2705 II.
711 2641 771 2704 116
793 2640 871 2704 lnr'ls'
890 2640 1048 2704 recreatur
1069 2641 1167 2702 enimi
1184 2639 1204 2702 i.
1219 2659 1247 2704 e.

97 2742 181 2822 quasi
204 2739 334 2823 „iIlico“
357 2747 392 2803 ut
414 2739 510 2803 ctiam
532 2739 617 2822 apud
641 2740 779 2804 Gellium
801 2739 840 2806 N.
862 2742 902 2806 Α.
924 2740 948 2803 Ι.
969 2741 998 2806 3.
1019 2741 1055 2805 1.;
1079 2738 1247 2804 Chilonem

98 2838 126 2900 in
145 2840 233 2903 ritae
258 2859 335 2903 suae
350 2845 515 2923 postremo
533 2859 603 2904 eum
623 2840 686 2902 iam
706 2839 785 2904 inibi
801 2862 885 2905 mors
903 2847 1087 2922 occuparet.
1115 2843 1249 2905 Interibi

98 2963 127 2998 :
140 2941 271 3004 interea
291 2941 354 3024 Ap.
375 2941 436 3004 547
460 2941 581 3004 interibi
599 2942 744 3005 revalesce
763 2961 803 3004 ne
826 2939 942 3003 Plauto
966 2941 1093 3022 quidem
1113 2941 1160 3006 ita
1182 2961 1249 3006 ore-

99 3042 180 3104 brum
217 3047 270 3104 est
303 3046 336 3106 et
372 3042 412 3104 ab
445 3040 633 3104 exculcatae
663 3041 835 3106 vetustatis
870 3041 1085 3106 imitatoribus
1117 3046 1249 3122 tantum,

97 3143 132 3204 ab
153 3140 297 3225 Apuleio
325 3147 510 3206 revocatum
533 3147 566 3204 et
594 3141 700 3206 Gellio
724 3141 762 3206 N.
784 3143 823 3206 A.
853 3140 911 3206 III.
935 3141 963 3206 l.
987 3141 1036 3206 tt.
1078 3144 1249 3206 Iudaeum

96 3237 244 3322 personis
273 3241 490 3323 coniunctum,
525 3246 559 3303 ut
586 3241 709 3304 indicet
735 3239 910 3324 quamlibet
937 3240 1096 3305 rationem
1124 3241 1165 3304 ad
1194 3242 1249 3304 ho·

97 3341 207 3404 minem
243 3340 460 3423 pertinentem
489 3361 555 3405 non
590 3341 673 3404 adeo
702 3341 814 3404 mirum
840 3346 892 3405 est
926 3340 966 3407 cf.
994 3340 1082 3405 ntor.
1116 3339 1171 3404 IV.
1200 3341 1249 3406 87.

97 3439 131 3504 M.
146 3429 171 3506 1ss
191 3442 234 3506 83
255 3440 385 3505 undidem
397 3441 552 3525 plumulae
579 3461 645 3516 aues
667 3437 728 3524 (sc.
756 3462 797 3504 ex
826 3441 1037 3523 hominibus):
1071 3439 1158 3524 quod
1185 3461 1250 3504 non

98 3541 139 3604 sui
160 3541 292 3606 ratione
324 3541 382 3604 sed
404 3541 504 3604 totius
530 3540 808 3622 breviloquentiae
831 3541 968 3606 audacia
989 3541 1024 3604 fit
1046 3540 1249 3605 insolentius.

98 3639 218 3706 Deinde
242 3646 449 3704 neumatum
478 3641 537 3704 sed
560 3645 676 3703 statum
699 3641 748 3704 rei
771 3640 930 3724 designat,
954 3639 1084 3722 saepius
1099 3661 1163 3704 una
1181 3661 1250 3704 curn

98 3741 164 3804 aliis
187 3740 335 3804 eiusdem
357 3739 500 3804 notionis
522 3740 689 3822 particulis
711 3741 744 3804 in
758 3739 939 3806 huiusmodi
951 3740 1034 3805 Iocis
1049 3737 1089 3808 M.
1105 3737 1160 3805 XI.
1174 3743 1249 3808 762:

97 3838 164 3904 lude
184 3839 320 3924 Pbryqes
343 3837 578 3902 Pessinunte'eum
599 3840 684 3904 deum
705 3851 840 3916 matrem,
874 3839 944 3904 ln'ue
965 3842 1058 3904 Attici
1078 3840 1249 3926 Cecropeiam

97 3937 273 4013 Monaesum,
293 3938 377 4002 illinc
400 3937 495 4023 Cypri
514 3938 663 4023 Puplu'am
688 3938 821 4002 Venerem
838 3946 916 4006 eta:
934 3941 989 4005 ubi
1003 3940 1169 4012 malueris:
1191 3942 1248 4008 ibi-

97 4037 253 4121 hic-illio;
275 4039 318 4103 ib.
341 4037 404 4101 804
424 4037 493 4101 leisc
514 4038 761 4106 dracones-iude
780 4039 924 4124 pryplees:
946 4041 997 4124 qui
1012 4062 1081 4106 mos
1104 4044 1249 4124 quamvis
1313 4079 1316 4086 v

98 4139 134 4201 ab
149 4138 366 4222 antiquiorum
378 4139 565 4204 sinceritate
578 4145 720 4204 remotus
730 4145 789 4219 est,
804 4145 911 4205 tamen
928 4148 960 4205 et
971 4142 1013 4205 ad
1024 4142 1250 4224 explicandum

97 4237 199 4302 facilis
229 4243 280 4301 est
306 4258 410 4322 neque
432 4240 545 4304 unicus
568 4240 622 4319 (of.
645 4241 740 4306 Mart.
755 4240 813 4307 IX.
826 4241 875 4307 55.
891 4239 935 4324 9.)
953 4275 989 4287 -
1004 4245 1095 4308 11ch
1117 4245 1249 4328 propria

99 4338 344 4422 significatione,
368 4339 408 4403 de
433 4360 495 4421 qua
518 4346 625 4404 natum
648 4347 706 4424 est,
729 4361 805 4425 pro:
828 4342 860 4404 in
884 4361 923 4404 eo
946 4341 1020 4406 Ioco
1042 4339 1082 4409 M.
1098 4343 1157 4409 IX.
1179 4346 1247 4410 673.

100 4435 155 4502 Nee
176 4439 271 4522 defuit
291 4439 407 4502 clauus
424 4439 567 4524 perfidus,
590 4441 644 4524 qui
661 4461 715 4504 aas
726 4442 804 4505 illico
815 4440 962 4504 occultari
974 4444 1249 4527 nuntiaretapris·

100 4538 143 4602 eis
165 4544 291 4602 tantum
312 4539 420 4621 poetis
442 4540 819 4622 usurpaturAec.Naen
839 4541 915 4608 Ter.
950 4543 1023 4607 Illuc
1046 4543 1162 4629 (Plaut.
1181 4544 1248 4616 Cic.

162 4671 191 4744 a)
209 4669 496 4726 Hand-'Pursellinus:
515 4671 550 4726 de
567 4671 714 4743 particulis
732 4672 784 4728 III.
802 4689 830 4746 p.
847 4673 873 4730 8.
