3128 5300
709 439 749 506 15

140 662 254 709 eorum
276 646 392 708 tenore
413 639 559 705 iudicare
578 621 667 726 licet,
684 642 825 707 asoluta
836 639 984 705 oratione
1000 645 1131 724 praeter
1151 659 1303 708 numeros

144 750 257 810 certos
279 764 344 808 non
361 740 512 806 differunt
533 741 829 836 nisi'exaggeratis
851 742 922 806 eius
944 739 1085 806 licentiis
1101 748 1197 825 atque
1220 747 1302 808 arte·

139 844 234 925 ficiis,
265 842 406 909 recessit
427 843 467 906 ab
492 840 542 907 his
565 842 699 926 argutiis
728 844 769 907 cf.
791 843 853 926 Ap.
874 842 937 907 403
958 841 1024 908 Pro
1045 840 1183 926 implexis
1205 844 1301 909 sertis

145 944 335 1030 completum
358 963 497 1028 corpore
523 943 641 1007 redde:
669 942 715 1006 ibi
737 942 820 1007 enim
840 939 972 1024 implexi
1000 941 1182 1023 appositum
1205 941 1302 1025 plane

143 1062 422 1128 supervacaneum
462 1049 513 1109 est
554 1042 759 1127 requisitum.
799 1049 834 1106 ut
866 1041 1054 1125 complexus
1090 1044 1304 1107 consonantia

142 1146 331 1211 efficeretur
353 1163 468 1210 sensus
491 1143 675 1208 arteficicsa
697 1143 870 1207 devinctio.

229 1245 303 1310 Huc
326 1245 422 1309 etiam
444 1243 618 1326 retulerim,
634 1263 717 1326 quae
739 1242 793 1307 alii
814 1241 901 1326 parti
922 1260 988 1305 non
1007 1241 1093 1306 bene
1114 1243 1303 1309 subicienda

144 1345 412 1438 erat,eorundem
426 1342 479 1409 vel
494 1344 638 1409 eiusdem
654 1342 865 1408 derivationis
880 1341 1111 1407 vocabulorum
1126 1343 1301 1408 coniuncti·

144 1467 259 1512 onem:
283 1464 375 1529 quam
392 1444 548 1527 Apuleius
570 1443 682 1507 miram
706 1446 857 1525 quantum
873 1442 1000 1506 videtur
1014 1446 1176 1524 captasse.
1213 1443 1302 1508 Elius-

142 1547 234 1611 modi
257 1544 416 1610 interdum
439 1544 564 1608 otiosas
588 1543 802 1627 repetitiones
825 1548 904 1607 nota
924 1541 999 1606 has:
1027 1541 1068 1605 M.
1092 1543 1116 1605 I.
1140 1543 1181 1607 64
1197 1555 1303 1628 pratas

140 1647 262 1730 pretias
282 1645 406 1709 memsm'
430 1640 486 1725 (cf.
508 1642 613 1706 Plaut.
644 1642 734 1706 Tria.
763 1641 820 1708 IV.
850 1643 876 1705 l.
905 1641 925 1705 2
952 1646 986 1704 et
1017 1640 1119 1706 Pc'en.
1147 1643 1172 1706 I.
1197 1643 1302 1727 1.16)

141 1747 169 1829 I,
193 1745 236 1810 35
256 1765 362 1809 scenae
381 1754 486 1827 pratae
507 1753 593 1828 atque
612 1745 763 1826 protesilae
793 1743 817 1806 Ι.
841 1742 881 1806 63
903 1752 938 1803 ut
965 1739 1084 1804 babitus
1106 1753 1132 1806 et
1159 1741 1302 1809 tabitudo

142 1847 338 1910 demonstrat.
361 1842 438 1906 ibid.
461 1842 539 1905 asisii
557 1842 613 1905 bae
631 1841 736 1926 soteria
754 1840 922 1925 fabulosius
954 1838 1027 1902 VII.
1050 1840 1109 1904 491
1133 1851 1303 1908 marssuetos

144 1969 183 2011 aa
206 1967 345 2010 mansues
371 1941 479 2005 exinde
501 1941 605 2023 sactes.
633 1943 657 2007 I.
686 1942 734 2006 37.
762 1951 894 2004 scortum
924 1950 1079 2006 scorteum.
1119 1943 1208 2010 VIII.
1241 1947 1304 2022 524

140 2047 274 2110 mimium
289 2045 402 2107 minius
422 2042 572 2125 ptanpere.
612 2043 669 2108 ΙΙΙ.
706 2042 768 2106 230
802 2040 968 2125 opulentiae
1003 2042 1114 2105 m'msbe
1142 2046 1236 2110 asinio
1264 2049 1305 2112 ad

143 2156 298 2210 emeremus
323 2154 415 2207 metas
443 2141 566 2205 deducti.
594 2143 635 2208 II.
668 2142 727 2207 119
752 2142 835 2226 apud
857 2163 912 2205 mos
933 2140 1027 2204 multa
1047 2141 1151 2208 multis
1169 2147 1305 2212 simililer

142 2247 264 2332 effatus.
299 2244 339 2308 V.
362 2244 433 2309 342.
463 2243 563 2306 Placet
580 2265 639 2328 pra
661 2242 735 2307 tanc
758 2241 872 2306 dnobus
892 2241 981 2304 malis
1001 2241 1115 2304 malum
1137 2246 1303 2314 carise'b'um.

141 2343 205 2408 IV.
224 2345 294 2410 257.
317 2345 433 2428 mapm‘s
456 2343 571 2407 art-ebus
593 2365 733 2428 mapuom
755 2340 963 2406 dissimulabat
979 2341 1168 2424 opulentiam.
1191 2346 1231 2410 V.
1243 2349 1305 2414 360

139 2446 312 2529 formosum
333 2443 420 2507 deum
438 2444 566 2527 formose
588 2443 749 2507 metantem.
798 2442 870 2506 VII.
893 2441 954 2505 455
976 2441 1075 2504 airum
1096 2451 1305 2528 maynauimce

143 2545 317 2608 vincebatis
337 2544 478 2607 calentem
505 2543 631 2608 ualentes
659 2545 790 2628 accepite.
827 2542 867 2606 V.
899 2542 968 2606 321.
997 2542 1102 2606 domm
1128 2547 1191 2610 siue
1207 2553 1304 2633 pretia
1367 2552 1399 2610 .'

137 2646 302 2730 pretiosae.
339 2644 395 2706 IV.
428 2643 489 2709 306
521 2644 607 2729 idque
638 2640 738 2708 uuum
762 2654 789 2705 et
812 2662 869 2726 pra
904 2640 1039 2705 ommibus
1066 2646 1188 2710 um'cum
1217 2650 1304 2735 effice.

148 2745 190 2808 V.
228 2744 300 2809 343.
335 2743 432 2806 adius
462 2743 610 2825 ebsaate'lis
638 2753 741 2806 uterus
775 2751 870 2826 pestat
905 2739 989 2804 actis
1021 2741 1165 2824 elefantem
1202 2751 1306 2818 alium.

148 2845 193 2908 ib.
219 2843 280 2908 338
301 2844 404 2928 φιουιέ
420 2863 519 2927 puero
535 2842 721 2927 prationem.
771 2841 982 2906 Memorabile
1005 2840 1112 2906 antem
1133 2845 1165 2910 in
1193 2851 1305 2932 primis

147 2943 336 3028 exemplum
360 2941 593 3007 consonantiae
609 2963 738 3026 quoquo
754 2942 852 3006 modo
868 2941 1040 3005 affectatae
1059 2950 1093 3006 et
1108 2947 1148 3010 ad
1163 2951 1305 3018 taedium

145 3063 253 3126 usque
277 3041 488 3106 cummulatae
510 3041 629 3125 legitur
648 3041 689 3105 M.
713 3042 752 3108 V.
776 3043 848 3126 363,
876 3041 929 3106 ubi
951 3043 1095 3125 quamvis
1120 3047 1218 3132 vulgo
1240 3071 1305 3115 non

145 3146 303 3206 Amorem
326 3142 384 3207 sed
400 3140 590 3223 Cupidinem
609 3142 754 3225 appellet
768 3142 908 3208 Veneris
923 3142 1029 3225 filium,
1046 3142 1181 3208 alterum
1197 3153 1305 3214 tamen

144 3262 267 3306 nornen
300 3240 462 3326 praetulit,
497 3261 561 3323 quo
593 3248 841 3308 consectaretur
873 3241 944 3307 soni
981 3262 1160 3327 sensusque
1186 3246 1305 3331 duplex

146 3343 424 3407 oblectamentum
447 3341 509 3405 sibi
532 3341 762 3424 gratissimum:
797 3342 848 3407 Sic
869 3343 979 3427 spuara
992 3342 1114 3426 'Psycte
1135 3346 1167 3407 ia
1186 3349 1305 3414 Amoris

143 3442 254 3507 mositii
281 3462 423 3505 amarem.
476 3439 504 3502 Τ
501 3461 560 3504 unc
585 3444 681 3527 mapis
709 3445 859 3529 mapesque
886 3441 1023 3525 cupidius
1045 3441 1182 3527 flapraas
1217 3446 1305 3534 Cupi·

145 3544 293 3607 debelrem.
320 3539 420 3606 Simili
435 3540 609 3606 feremodc
626 3563 697 3607 cum
712 3542 855 3628 eleganti
871 3541 1126 3610 variarumvocis
1138 3548 1305 3628 nationum

146 3642 308 3708 allusione
342 3641 424 3705 dixit
457 3639 500 3705 M.
532 3641 574 3706 II.
609 3641 698 3708 150.
731 3644 826 3709 oleum
852 3642 893 3706 ad
928 3642 1022 3730 lucem
1053 3642 1117 3708 luci
1149 3647 1305 3732 sufficiens.

146 3742 231 3806 Cum
250 3742 314 3806 hcc
338 3740 526 3824 opponendi
545 3739 599 3803 vel
629 3744 823 3808 conectendi
850 3743 964 3808 eadem
985 3748 1040 3807 ant
1062 3744 1208 3810 similiter
1230 3768 1304 3814 con-

147 3841 302 3906 sonantia
324 3841 483 3906 vocabula
504 3840 611 3906 studio
630 3842 782 3928 coniungi
803 3847 915 3925 potest
932 3842 1028 3907 etiarn
1048 3864 1118 3909 mos
1135 3846 1303 3929 scriptoris

146 3942 254 4007 nostri
275 3941 308 4005 in
324 3940 567 4024 pronominibus
583 3941 742 4024 ponendis
758 3941 914 4010 latissime
930 3948 1057 4024 patens.
1101 3943 1202 4022 Quum
1221 3949 1306 4014 euim
1376 3963 1380 3972 ’

147 4041 298 4106 amnibus
320 4039 430 4104 latinis
447 4039 660 4122 scriptoribus
683 4041 817 4106 collatio
838 4042 1070 4125 pronominum,
1084 4045 1218 4110 maxime
1233 4068 1305 4131 per-

147 4139 309 4207 sonalium
333 4159 372 4204 ao
394 4139 663 4224 possessivorum,
680 4142 722 4206 cb
745 4148 938 4208 concentum
953 4143 1111 4226 quendum
1134 4145 1305 4214 admodum

147 4248 247 4326 grata
269 4245 360 4305 esset
382 4259 419 4303 aa
443 4240 606 4323 frequens,
639 4241 794 4323 Apuleius
817 4263 888 4308 eam
910 4242 1114 4327 amplificavit
1136 4247 1306 4314 cumulatis

147 4342 299 4423 sciteque
323 4339 512 4422 compositis
534 4340 787 4425 pronominibus,
815 4345 904 4408 velut
927 4344 968 4409 M.
994 4342 1084 4409 VIII.
1113 4343 1175 4410 545
1196 4348 1229 4411 im
1250 4369 1305 4411 suc

145 4442 208 4506 sti
222 4441 383 4526 pervoluta
403 4441 549 4522 saapus'ue
570 4439 628 4505 IX.
649 4440 707 4505 671
731 4464 762 4506 se
783 4463 850 4506 cum
869 4465 924 4506 mea
945 4443 1007 4506 siti
1025 4445 1110 4507 ambo
1133 4445 1173 4513 cf.
1189 4446 1231 4512 ib.
1246 4445 1304 4513 IV.

145 4542 211 4608 309
233 4540 292 4605 VI.
313 4540 376 4603 443
398 4539 437 4605 V.
459 4541 530 4606 321.
555 4540 628 4606 VII.
651 4542 724 4607 471.
747 4540 818 4608 501,
840 4541 865 4607 Ι.
887 4541 936 4605 29.
958 4542 1009 4607 41.
1032 4548 1106 4610 etc:
1129 4544 1205 4608 nihil
1221 4545 1305 4610 enirn

146 4649 201 4708 est
220 4641 283 4706 bac
305 4639 443 4704 formula
465 4641 633 4707 acomiais
657 4641 828 4728 desumpta
847 4641 933 4726 apud
956 4662 1030 4707 enm
1051 4645 1262 4732 frequentius.
