3068 5310
835 368 877 432 96

263 571 329 636 Att.
346 571 373 637 7.
390 571 419 636 3.
437 569 482 651 5.)
505 570 612 634 verbis
634 567 730 633 eundi
752 569 856 632 rarius
880 567 1007 634 additur
1028 568 1071 636 M.
1087 569 1145 636 VI.
1165 568 1225 634 441
1248 569 1319 634 ellac
1341 591 1419 634 cum-

262 691 379 734 measse.
402 667 457 754 (ci.
478 669 535 736 0v.
555 671 645 735 Fast.
665 669 722 734 Vl.
743 667 827 752 295.)
854 667 1000 750 Denique
1030 669 1197 734 obsoletas
1220 669 1341 736 formas
1364 671 1420 752 illi,

258 770 311 832 isti
329 770 499 852 Apuleium
520 770 705 852 vulgaribus
733 769 883 852 tritisque
905 769 981 848 illio,
1004 767 1078 832 istic
1102 769 1331 834 antehabuisse
1353 791 1421 836 non

261 870 372 932 mirum
397 874 448 934 est
467 869 507 935 ei.
524 871 565 934 M.
577 870 634 954 IV.
649 870 719 934 267.
734 905 776 912 —
790 867 918 949 Restat,
940 874 975 933 ut
995 889 1086 932 usum
1107 869 1267 935 universis
1287 870 1337 936 his
1352 871 1421 936 looi

262 968 424 1032 adverbiis
461 989 659 1033 communem
691 987 921 1052 proponamus
958 990 1051 1052 quern
1084 989 1126 1032 ex
1153 969 1296 1036 dictione
1329 991 1420 1036 mere

260 1069 416 1133 Plautina
439 1069 581 1133 detraxit
603 1087 759 1152 quemque
782 1072 815 1132 et
838 1069 879 1131 ob
900 1068 963 1130 hoc
990 1068 1093 1150 ipsum
1116 1074 1150 1132 et
1171 1075 1308 1153 propter
1328 1078 1420 1136 natu·

261 1189 329 1232 rum
355 1169 423 1234 eius
447 1188 487 1232 ox
505 1169 647 1254 vulgaris
671 1168 829 1233 sermonis
852 1167 1085 1232 consuetudine
1101 1168 1231 1232 fluxisse
1246 1171 1419 1251 probabile

263 1274 323 1334 est.
367 1267 566 1351 Saepissime
590 1269 673 1332 enirn
694 1269 775 1332 haec
795 1267 951 1332 adverbia
972 1287 1042 1330 oum
1063 1267 1130 1330 loci
1150 1267 1252 1350 ipsius
1275 1270 1420 1352 appella·

262 1369 352 1433 tione
377 1368 551 1450 coniungit,
573 1388 634 1451 quo
659 1367 841 1432 distinctius
858 1366 1047 1432 definiantur
1062 1371 1117 1430 aut
1138 1368 1221 1451 ipsa,
1242 1375 1297 1430 aut
1312 1369 1419 1434 acrius

263 1469 501 1533 demonstretur
522 1473 619 1548 atque
643 1467 824 1532 accuratius
846 1467 874 1532 is
896 1467 1003 1531 locus:
1023 1467 1112 1531 velut
1126 1467 1167 1530 M.
1183 1467 1274 1534 VIII.
1290 1468 1351 1534 546
1364 1471 1419 1533 ilri-

262 1569 326 1633 dem
348 1568 388 1631 od
407 1567 601 1653 sepeulcrum.
625 1567 694 1632 Vll.
714 1567 775 1632 448
802 1565 908 1630 ibidem
930 1569 962 1628 r'u
983 1565 1119 1651 bospitio.
1151 1568 1199 1631 Vl.
1220 1569 1280 1632 391
1303 1569 1365 1634 illic
1385 1573 1419 1633 r'n

263 1669 349 1732 domo
370 1670 486 1731 mutrr's.
506 1668 594 1734 Flor.
609 1667 634 1733 I.
650 1668 691 1731 20
710 1667 816 1730 ibidem
835 1668 899 1730 sitis
914 1665 1132 1730 aduescentem
1154 1668 1239 1734 dcem.
1255 1669 1340 1735 vui.
1355 1669 1418 1735 576

252 1770 345 1833 ,illr'co
372 1770 406 1832 dc
429 1770 529 1853 primo
555 1767 664 1833 limene.
693 1767 735 1832 ib.
758 1767 818 1832 557
840 1768 924 1830 illinc
950 1766 985 1829 de
1011 1787 1126 1830 summo
1153 1789 1308 1853 cupressus
1330 1791 1417 1832 cocu·

262 1871 348 1950 mene.
371 1869 420 1934 Vl.
434 1857 497 1932 402
518 1868 586 1931 rade
607 1867 641 1930 dc
659 1866 840 1952 lluoio..XI.
857 1867 916 1932 789
937 1867 1066 1931 indidem
1088 1867 1123 1930 de
1144 1881 1281 1952 supposta
1301 1871 1339 1936 X.
1356 1871 1418 1936 728

260 1969 391 2032 tradidero
413 1970 448 2032 de
464 1970 585 2052 potr'one
610 1968 740 2050 postumi
760 1965 947 2051 ampliter).
968 1966 1070 2031 Huius
1092 1974 1265 2032 accuratae
1287 1969 1418 2034 demon·

263 2068 429 2133 strationis
452 2068 631 2152 adaugetur
646 2067 693 2131 vis
711 2067 935 2131 adverbiorum
957 2067 1183 2151 geminatione,
1208 2069 1296 2133 velut
1309 2069 1342 2132 in
1355 2071 1416 2150 his,

264 2187 346 2250 quae
371 2173 444 2232 sunt
465 2169 609 2250 graviter
631 2167 782 2232 commoti
804 2168 905 2231 verba
926 2169 988 2251 Ap.
1003 2169 1062 2234 501
1090 2167 1138 2230 lu'c
1159 2168 1265 2231 ibidem
1281 2190 1341 2254 pro
1363 2175 1418 2232 tri·

263 2269 376 2332 buculi.
399 2268 441 2334 ib.
462 2268 522 2332 598
544 2267 662 2330 tabidus
678 2314 709 2333 ..
732 2268 780 2330 ln'c
801 2267 905 2332 ibidem
929 2289 987 2352 pro
1005 2267 1131 2352 pedibus
1153 2270 1212 2330 tuis
1234 2267 1336 2350 atico,
1360 2277 1419 2334 aut

264 2369 360 2431 alitor
380 2367 467 2432 Flor.
483 2367 533 2431 IV.
554 2369 608 2432 84:
636 2369 683 2431 lu‘c
708 2368 814 2431 eluiem
837 2355 939 2430 uorsus
961 2368 1091 2430 orbitates
1115 2368 1298 2432 substituere.
1327 2369 1419 2445 Quae

264 2468 305 2531 de
327 2466 472 2531 relativis
500 2468 662 2532 adverbiis
691 2469 940 2549 observavimus,
971 2467 1012 2529 ad
1031 2467 1164 2530 easdem
1185 2467 1263 2548 lere,
1286 2469 1326 2532 de
1350 2471 1417 2553 qui-

260 2555 323 2633 'bus
346 2588 444 2650 supra
462 2569 678 2650 disseruimus,
700 2568 846 2652 rationes
870 2571 1029 2649 spectant.
1060 2566 1152 2632 Velut
1166 2567 1219 2630 ubi
1233 2573 1346 2650 aperte
1362 2571 1417 2632 ad-

262 2668 367 2736 verbii
389 2689 451 2752 quo
466 2674 578 2751 partes
596 2669 663 2750 agit
677 2669 718 2733 M.
734 2667 791 2732 lX.
808 2668 882 2732 668:
901 2667 959 2731 Ubi
973 2666 1057 2728 ducis
1072 2668 1191 2730 usinum
1209 2667 1320 2730 estam?
1334 2689 1418 2751 quae

265 2768 392 2852 quidem
414 2767 624 2851 neglegentia
646 2766 708 2831 etsi
729 2787 795 2830 nou
818 2773 998 2848 excusatur,
1022 2772 1110 2831 certe
1135 2766 1319 2831 declaratur
1346 2789 1418 2833 sen-

263 2867 376 2942 tentia,
400 2887 481 2950 quae
504 2867 689 2950 praecedit:
713 2866 792 2949 Erpa
812 2887 917 2949 praece
937 2865 1082 2930 subserens
1105 2865 1204 2928 miles:
1234 2867 1298 2938 Ubi,
1321 2869 1419 2953 iuquit

265 2975 344 3032 etc:
373 2968 413 3031 de
439 2967 576 3032 oonsilio
606 2967 689 3030 enini
716 2966 902 3029 adverbium
932 2966 1049 3049 quietis
1071 2985 1112 3028 ex
1138 2965 1265 3030 Graeca
1287 2967 1420 3031 dicendi

266 3066 500 3130 consuetudine
524 3087 627 3150 eaque
649 3065 775 3150 vulgari
795 3064 924 3128 videtur
946 3064 1136 3129 translatum
1159 3085 1233 3130 esse
1248 3066 1282 3128 in
1303 3057 1418 3132 motio·

267 3169 316 3232 nis
356 3166 632 3249 significationem.
676 3163 829 3229 Similiter
865 3165 982 3228 deinde
1020 3164 1418 3254 atqueldomonstrativa,

266 3268 363 3332 etiam
386 3267 469 3349 „ubi,
490 3265 595 3328 unde“
617 3285 676 3348 pro
699 3264 827 3328 relativi
848 3265 1047 3347 pronominis
1064 3265 1192 3328 casibus
1214 3272 1418 3347 usurpantur,

266 3369 352 3451 quod
374 3388 439 3431 non
461 3365 507 3429 ita
530 3365 735 3428 memorabile
765 3370 816 3428 est
837 3363 876 3432 M.
895 3365 953 3428 VI.
974 3365 1036 3429 394
1057 3364 1194 3438 libellum,
1215 3364 1274 3430 obi.
1296 3365 1418 3430 ineat

265 3467 380 3551 torpidi
402 3467 513 3530 uentris
534 3511 541 3527 .
562 3516 567 3528 .
591 3465 669 3528 unde
694 3467 858 3528 meusium
883 3465 986 3548 (ucr'ot.
1008 3463 1081 3528 Vll.
1101 3463 1163 3528 466
1178 3485 1276 3548 pericu
1299 3467 1419 3528 commi·

265 3576 379 3630 nantes.
410 3565 491 3628 Unde
512 3565 696 3649 praelectum
719 3565 864 3654 proadem
891 3565 1008 3628 bereum
1034 3563 1068 3637 (i.
1092 3583 1119 3628 e.
1143 3582 1184 3626 ex
1206 3562 1344 3648 quibus.)
1380 3564 1421 3628 ln

264 3664 441 3730 indefinitis
463 3663 625 3728 adverbiis
647 3663 793 3730 relativis
801 3665 855 3749 ili)
873 3665 1002 3747 saepius
1017 3663 1157 3738 verbum,
1180 3685 1242 3746 quo
1260 3664 1422 3744 efficiatur

265 3771 362 3849 atque
387 3763 586 3845 compleatur
608 3764 801 3848 enunciatio,
826 3766 976 3830 omissum
1004 3770 1068 3828 est:
1096 3765 1182 3846 quod
1203 3763 1364 3828 interdum
1385 3765 1421 3827 in

267 3864 475 3941 circumcisae
500 3865 681 3927 sententiae
704 3866 855 3948 angustia
870 3865 1078 3930 veliementer
1094 3863 1306 3946 desideratur,
1328 3863 1421 3928 velut

265 3963 308 4029 M.
322 3964 367 4030 V.
383 3965 460 4028 377:
479 3983 531 4025 nec
552 3975 649 4026 tumea
670 3965 815 4028 orbdrctoe
836 3964 975 4026 soluu'um
990 3963 1146 4025 undeunde
1160 3963 1358 4046 spernendum
1371 3975 1422 4026 est.

267 4063 322 4148 (cf.
347 4064 436 4129 Tert.
460 4051 531 4127 adv.
548 4059 644 4127 Marc.
667 4065 725 4131 lll.
748 4066 768 4128 9
790 4065 940 4126 cesimum
962 4063 1119 4126 undeunde
1137 4060 1332 4146 producunt.)
1357 4061 1420 4126 Ma-

335 4259 363 4328 1)
381 4259 559 4380 56111111.
579 4263 644 4316 Vll.
666 4263 702 4317 10,
721 4261 749 4314 4:
774 4262 820 4332 qui
837 4261 959 4315 indidem
978 4259 1101 4328 Megaris
1121 4263 1198 4312 erat“
1216 4259 1310 4329 paullo
1329 4259 1420 4314 direr-

268 4343 327 4383 surn
348 4344 403 4380 es.

334 4413 380 4481 Η)
398 4408 474 4465 Idem
493 4410 526 4464 de
539 4412 746 4482 pronominibus
759 4411 827 4481 ipsis
847 4411 921 4464 valet
933 4410 1009 4463 Flor.
1021 4411 1071 4465 III.
1084 4411 1115 4464 ’17
1133 4410 1422 4481 „quantulumcunque

268 4493 406 4564 ingenium
425 4509 512 4546 meum
531 4535 537 4546 .
556 4535 562 4547 .
581 4495 736 4548 hominibus
760 4494 853 4547 notius
879 4498 951 4547 est-⁴
975 4493 1012 4546 M.
1041 4495 1091 4548 Vl.
1109 4495 1159 4547 402
1187 4493 1321 4556 „floccum
1351 4509 1420 4563 quo·

270 4593 323 4652 quo
341 4575 423 4632 modo
443 4579 620 4646 quaesitum.“
638 4579 675 4631 ib.
692 4578 728 4633 M.
745 4575 791 4630 1³5
807 4576 1147 4646 „quantulumquantulum
1159 4577 1250 4629 serens
1264 4575 1421 4632 auxilium.“
