3068 5310
832 401 892 465 110

282 619 350 664 uero
373 621 442 684 eqo:
464 602 518 666 ubi
534 622 575 666 ex
590 603 820 666 sententiarum
835 621 920 665 nexu
941 606 1202 684 exspectaremus
1217 601 1306 683 ‚,sed,
1333 598 1438 683 at“*).

284 701 350 766 Sed
373 700 682 785 Aperantiaecum
704 703 804 765 animo
825 701 953 764 bominis
968 709 1030 767 etc.
1054 702 1109 785 (ad
1132 700 1372 784 explanandam
1389 706 1436 764 tc-

281 803 347 868 tius
369 803 435 867 loci
455 803 614 866 rationem
635 821 813 884 nexumque
835 800 928 864 nimis
950 801 1081 886 longam
1103 801 1366 865 enunciationem
1388 821 1436 864 se-

281 903 360 966 riem
382 903 599 967 transcribere
616 922 696 984 opus
716 901 788 985 fuit)
803 901 974 966 manifesta
988 921 1093 983 neque
1116 901 1315 966 nullomodo
1340 901 1437 964 dene-

283 1003 394 1085 ganda
415 1009 466 1066 est
492 1003 583 1066 notio
620 1001 836 1066 adversativa.
901 999 1005 1066 Huius
1036 1007 1087 1065 est
1123 1021 1163 1064 ea
1197 1001 1281 1064 ratio
1316 1001 1438 1080 similia,

282 1124 345 1185 qua
371 1104 404 1166 in
433 1101 624 1185 gradatione
663 1102 793 1184 ponitur
819 1112 1009 1188 extremum,
1052 1107 1087 1163 ut
1112 1101 1174 1183 Ap.
1200 1100 1261 1165 452
1283 1099 1437 1164 Sr'ccrr'um

282 1203 531 1288 qur'r'cindr'cinm
546 1211 641 1277 uocet,
657 1203 812 1266 comr'tctcs
833 1203 911 1265 uenit
931 1206 993 1265 etc.
1018 1200 1175 1264 Enimuero
1197 1201 1250 1284 qni
1264 1220 1385 1284 crepam
1406 1249 1436 1264 ..

284 1304 316 1365 r'n
333 1303 491 1366 dr‘crrr'mea
509 1303 614 1386 cupitis
640 1303 764 1377 deducat,
789 1301 893 1387 qartus
920 1299 1072 1363 cantitatur
1095 1351 1102 1365 .
1125 1301 1434 1386 .percr'crem·proln'·

287 1402 358 1466 tent.
386 1405 673 1466 verumenimvero
694 1403 728 1464 in
746 1400 1005 1483 oppositionibus
1019 1404 1134 1462 natura
1151 1399 1199 1463 sui
1213 1421 1279 1464 non
1302 1401 1349 1464 ita
1365 1421 1436 1483 gra·

282 1503 375 1566 vibus
400 1502 449 1566 bis
470 1508 549 1567 nota
578 1504 638 1585 Ap.
665 1503 736 1566 498.
758 1501 828 1566 541.
858 1500 965 1566 Mund.
993 1500 1054 1564 332
1075 1496 1114 1564 Μ.
1137 1500 1179 1565 11.
1204 1500 1280 1563 101:
1314 1523 1334 1562 c
1355 1522 1436 1564 neme

280 1603 396 1688 quidem
423 1602 541 1666 venerio
574 1601 696 1686 hospitis
721 1613 789 1664 tuae
815 1610 944 1684 tempero
987 1649 1023 1664 ..
1054 1620 1157 1662 oerum
1178 1602 1325 1664 enimvero
1355 1602 1436 1665 Fotis

278 1703 395 1784 famula
403 1713 524 1786 petatur
535 1703 628 1765 carce.
662 1702 789 1766 Nullam
802 1705 910 1762 tamen
923 1699 1110 1782 particulam
1126 1699 1193 1762 sive
1210 1700 1437 1782 particularum

283 1802 542 1866 coniunctionem
556 1801 659 1884 magis
672 1802 791 1866 amavit
803 1807 856 1864 aut
868 1799 1087 1882 frequentavit
1102 1819 1196 1881 quam
1216 1801 1317 1883 immo,
1332 1803 1438 1866 immo·

284 1921 369 1982 verc,
391 1903 482 1965 immo
504 1905 670 1968 enimvero.
714 1901 830 1983 Neque
858 1901 956 1964 etiam
982 1900 1078 1962 aliam
1102 1899 1250 1982 reperias
1277 1901 1439 1982 aptiorem

286 2000 417 2082 ingenio
440 2002 509 2066 eius
531 2010 627 2084 atque
650 2002 805 2066 orationi:
827 2001 860 2063 in
883 2021 946 2081 qna
965 2021 1059 2082 quum
1073 1999 1191 2081 ubique
1207 1998 1381 2063 affectaret
1397 2000 1438 2062 ad

282 2101 423 2165 taedium
444 2121 545 2184 usque
568 2103 734 2184 copiosam
755 2102 946 2177 ubertatem,
972 2100 1124 2164 raro'vel
1145 2099 1254 2182 potius
1276 2119 1436 2182 nunquam

281 2201 375 2270 unius
396 2201 446 2265 rei
468 2223 530 2266 uno
553 2203 679 2266 nomine
702 2202 756 2267 vel
778 2201 916 2284 simplici
935 2201 1154 2282 descriptione
1168 2203 1350 2273 contentus,
1366 2219 1438 2262 sen-

286 2322 439 2386 suumque
468 2308 615 2385 captaret
642 2302 835 2366 insolentem
869 2305 965 2384 atque
1000 2299 1147 2364 subtilem
1173 2299 1437 2381 superlationem,

283 2402 588 2485 opportunissimam
609 2407 642 2464 et
662 2405 764 2466 verba
793 2399 974 2464 cumulandi
990 2405 1024 2464 et
1039 2400 1190 2463 notiones
1217 2399 1437 2482 exaggerandi

285 2521 396 2566 ansam
418 2503 449 2565 ei
470 2503 619 2584 praebuit
640 2503 754 2584 „immo
777 2499 886 2566 vero.“
922 2500 971 2564 Ex
991 2499 1269 2563 innumerabilium
1291 2497 1360 2562 fere
1383 2519 1436 2562 ex-

286 2602 464 2684 emplorum
484 2606 575 2666 tanta
595 2603 796 2668 multitudine
824 2602 905 2664 haec
928 2601 1131 2666 desumamus
1152 2599 1253 2664 varia.
1296 2598 1436 2662 Primum

282 2702 382 2785 igitur
402 2705 493 2767 immo
515 2702 603 2768 nulla
625 2704 689 2767 alia
709 2702 870 2786 particula
891 2702 1010 2778 addita,
1039 2721 1104 2764 non
1127 2719 1209 2782 quae
1238 2699 1334 2763 modo
1363 2720 1437 2782 pro-

282 2802 435 2867 nunciata
460 2811 542 2886 sunt,
566 2805 667 2886 reicit,
705 2804 764 2870 sed
791 2803 914 2866 maiora
942 2800 1105 2866 substituit
1137 2796 1176 2869 M.
1203 2799 1228 2864 Ι.
1252 2800 1303 2865 38.
1324 2799 1374 2864 50.
1398 2799 1439 2864 49

282 2923 381 2966 uocem
402 2903 491 2967 eramo
513 2904 678 2970 stridorem.
701 2904 743 2970 11.
767 2903 827 2967 114
849 2902 940 2965 Pereo
960 2905 1098 2986 anquam,
1121 2902 1210 2962 tiemo
1238 2901 1300 2964 ianr
1325 2900 1439 2964 dudum

278 3004 369 3087 perii.
390 3003 434 3068 ib.
458 3004 518 3068 175
539 3005 579 3068 ad
600 3016 718 3080 terrem,
735 3006 825 3068 immo
841 3001 882 3064 ad
895 3002 974 3085 apros
988 3002 1105 3083 ecferor.
1128 3001 1187 3080 188
1209 3002 1439 3088 cupetnrr'rnmc

287 3101 462 3188 duplicatur
482 3106 636 3169 moestitia.
658 3105 697 3171 V.
719 3104 790 3169 328.
810 3103 880 3167 374.
901 3103 962 3166 319
976 3105 1071 3165 mtrcr
1088 3121 1217 3186 prorsus
1238 3100 1335 3176 bomo,
1351 3103 1440 3164 immo

288 3201 431 3266 semeae
460 3203 501 3268 cr.
528 3203 586 3270 m.
608 3187 680 3270 594]
707 3205 764 3270 vr.
787 3202 857 3268 aar.
884 3202 954 3266 ne.
983 3202 1056 3266 vn.
1086 3200 1157 3266 464.
1185 3201 1256 3268 rao.
1277 3203 1342 3268 400
1359 3203 1439 3286 sacto

287 3303 435 3386 [oramine
457 3305 639 3389 zbrmosovec
660 3306 707 3370 vet
726 3307 814 3369 etrum
832 3305 970 3386 fenestra.
1017 3301 1144 3366 Deinde
1171 3303 1283 3365 eadem
1310 3301 1443 3365 notione

290 3403 349 3468 sed
370 3403 468 3468 multo
498 3405 698 3487 frequentius
725 3405 843 3488 legitur
868 3406 959 3468 immo
988 3423 1062 3468 vero
1086 3401 1126 3466 of.
1150 3402 1192 3466 M.
1212 3403 1237 3466 I.
1259 3402 1310 3466 43.
1329 3401 1380 3465 44.
1404 3402 1442 3464 47

292 3501 380 3587 (bis).
392 3503 441 3569 50.
455 3504 497 3570 Π.
512 3505 561 3570 83.
576 3505 626 3571 90.
643 3506 712 3570 114.
729 3505 881 3570 119.140.
899 3504 967 3568 144.
990 3503 1058 3568 145.
1075 3502 1133 3565 121
1154 3512 1215 3563 tam
1235 3501 1334 3564 diram
1355 3502 1444 3564 immo

287 3624 358 3667 cero
385 3603 521 3667 Illr‘rrecm
545 3605 824 3689 pereqrr'nctr'cnem.
843 3604 883 3669 M.
906 3604 964 3670 III.
989 3604 1057 3668 197.
1079 3602 1136 3666 IV.
1152 3601 1223 3667 293.
1245 3601 1307 3665 246
1328 3612 1445 3664 mortuo

290 3705 380 3766 Immo
401 3723 470 3766 vero
492 3704 607 3788 lapideo
630 3705 725 3770 umbo.
749 3706 784 3770 V.
806 3707 875 3770 342.
897 3704 967 3769 374.
990 3703 1060 3768 328.
1083 3701 1172 3766 VIII.
1188 3701 1260 3769 527.
1276 3701 1348 3768 585.
1370 3703 1445 3766 VH.

288 3804 360 3869 453.
383 3804 453 3869 482.
476 3802 534 3868 IX.
557 3803 783 3872 nectabere.
820 3805 1057 3887 Nonnunquam
1072 3802 1192 3887 duplici
1213 3802 1445 3886 progressione

291 3923 418 3971 sensum
431 3905 572 3984 adauxit,
594 3905 684 3970 velut
703 3905 744 3970 M.
761 3907 785 3971 I.
800 3906 840 3969 47
857 3924 932 3986 sero,
954 3905 1043 3966 immo
1058 3903 1168 3981 rtatim,
1191 3903 1280 3965 clamo
1302 3923 1371 3966 cero
1386 3903 1449 3964 rem

293 4005 924 4091 000οΧ.7460070100100000010,0’οι000
948 4005 1081 4087 forensia
1104 4023 1224 4088 pecora,
1255 4004 1345 4066 immo
1378 4023 1448 4066 acro

290 4108 384 4196 toqctr'
409 4106 543 4172 vulturii.
592 4105 715 4170 Iladem
755 4127 823 4190 qua·
844 4107 958 4189 „immo
986 4103 1086 4170 vero“
1115 4102 1362 4188 significatione,
1398 4101 1450 4165 bis

357 4309 385 4378 *l
411 4307 484 4361 Illud
500 4306 573 4360 Flor.
584 4303 659 4359 tnta
676 4303 841 4368 „Enimvero
859 4303 1023 4374 Hipparche
1042 4303 1233 4356 condicionem
1255 4300 1375 4371 achpit“
1394 4299 1448 4352 tor-

291 4396 369 4454 tasse
394 4393 456 4464 quis
479 4408 529 4463 per
547 4389 766 4445 asseverationis
785 4389 908 4460 speciem
925 4385 1017 4457 accipi
1034 4387 1173 4450 maluerIt‚
1199 4402 1270 4456 quae
1288 4386 1317 4438 in
1334 4398 1451 4454 respon-

292 4477 382 4533 dendo
408 4476 498 4530 locum
524 4477 611 4530 habet
635 4473 709 4544 apud
730 4473 874 4527 Plautum:
901 4487 996 4524 verum
1019 4475 1115 4524 nostro
1138 4469 1201 4524 loco
1219 4485 1274 4524 non
1292 4471 1390 4540 aperta
1410 4469 1455 4522 est

290 4557 487 4624 iuterrogatio,
507 4561 558 4612 sed
576 4557 708 4614 sumenda
726 4557 833 4611 demum
857 4573 891 4622 ex
918 4555 1011 4611 verbis
1035 4551 1282 4608 antecedentibus:
1318 4551 1453 4632 „proinde

291 4636 472 4696 consuleret‘
491 4639 546 4700 etc.
