3068 5310
640 393 751 468 Ι123

143 602 294 684 pulsione
318 602 372 666 rel
394 604 567 668 occasione
590 604 715 669 oblata:
739 623 822 686 quae
837 604 1016 686 particulae
1032 604 1131 685 cotie,
1153 603 1234 668 alias
1254 605 1299 668 lu·

144 700 375 780 ualentissima,
399 704 589 767 obscuratur
601 711 634 767 et
651 705 741 787 quasi
763 704 936 785 impeditur
951 704 1132 767 sententiae
1149 704 1300 768 affectata

145 800 392 882 constrictione,
416 825 478 886 qua
492 805 639 868 Aulidem
656 805 747 888 fingit
759 824 907 869 caussam
921 802 1022 866 fuisse
1039 803 1184 868 desidiae
1200 804 1299 868 Grae-

144 919 255 962 corum
278 920 323 964 so.
354 902 494 968 diutinae
523 906 639 969 Aulide
672 903 848 968 mansionis
880 901 1058 966 molestiam
1084 921 1122 964 ac
1148 902 1299 966 taedium.

9 1010 18 1017 ’·
142 1000 270 1079 Absque
292 1021 404 1064 vocem
427 1005 541 1084 priscis
558 1012 681 1069 tantum
695 1003 834 1086 indeque
849 1001 1062 1066 recentissimi
1079 1001 1151 1066 aevi
1166 1002 1300 1084 scripto-

142 1098 236 1161 ribus
259 1099 408 1163 usitatam
421 1101 540 1183 (plaut
557 1102 774 1168 Ten-Gall.
785 1099 901 1182 Amin.)
925 1099 1011 1181 apud
1025 1098 1192 1182 Apuleium
1213 1101 1299 1166 iuve-

140 1198 247 1261 nimus
267 1198 389 1264 duobus
413 1202 513 1266 ferme
536 1202 722 1266 notionibus
747 1201 916 1266 diversam.
939 1199 1078 1264 Primum
1097 1201 1140 1264 ad
1161 1203 1299 1283 particu-

11 1368 15 1374 .
141 1297 198 1360 lae
222 1296 291 1361 sine
313 1299 377 1362 vim
399 1303 543 1383 proxime
567 1301 704 1380 accedit,
722 1305 757 1362 ut
771 1300 812 1362 M.
827 1299 885 1364 IX.
901 1300 960 1364 641
977 1298 1085 1384 ubsque
1098 1322 1181 1364 noca
1195 1305 1300 1366 nostri.

7 1459 8 1462 ,
142 1398 252 1462 Aliter
274 1405 326 1462 est
347 1399 482 1482 Apoll
504 1405 585 1467 scitur
607 1447 615 1462 .
636 1448 643 1462 .
667 1401 739 1484 quid
759 1447 766 1462 .
790 1450 796 1464 .
820 1399 929 1482 ubsque
952 1398 1088 1462 erunibus
1096 1401 1236 1483 profunde
1257 1413 1299 1466 tn·

10 1517 14 1576 j
139 1500 200 1560 cite
217 1501 397 1564 emerammi
415 1501 435 1566 i.
460 1522 486 1566 e.
511 1501 651 1566 exclusis
676 1501 820 1564 omnibus
843 1500 1001 1584 profanis,
1023 1501 1138 1563 remoti
1161 1503 1301 1583 aprofa·

139 1598 206 1662 nis.
251 1599 332 1662 lllire
355 1603 536 1684 composita
556 1623 622 1666 vox
643 1605 788 1682 abusque,
806 1620 889 1681 quae
911 1620 1017 1681 neque
1032 1600 1235 1682 praepositio
1250 1609 1303 1666 est

7 1759 10 1768 ,
141 1717 251 1779 neque
275 1699 462 1764 adverbium
484 1699 540 1785 (of.
564 1701 655 1766 Serv.
672 1701 722 1765 ad.
737 1700 819 1764 Aen.
834 1698 908 1764 Vll.
924 1699 1010 1774 289.)
1030 1701 1091 1780 Ap.
1106 1698 1301 1764 bibacius!-

8 1847 16 1882 4
138 1799 225 1859 turio
239 1796 443 1864 Alecuudrini
461 1803 536 1865 coeli
554 1803 715 1886 quidquam
729 1801 858 1884 abusque
874 1797 1032 1862 Oeensium
1043 1797 1154 1880 pindus
1168 1799 1305 1863 abolent?

7 1929 17 1985 ⁸.
139 1895 399 1977 praepositionis
430 1903 493 1964 vim
519 1903 638 1966 induit:
668 1905 811 1964 ceterum
843 1898 1009 1962 rarissima
1037 1896 1156 1979 legitur
1182 1896 1300 1980 (Plaut.

28 2043 31 2054 ,
137 1995 301 2077 Amphitr.
323 1997 348 2061 1.
367 1999 393 2063 1.
409 2000 458 2064 97.
482 2002 582 2084 Verg.
597 2002 678 2064 Aen.
693 1999 767 2063 VII
783 1999 853 2064 288.
868 1987 969 2062 A'mm.
986 1997 1100 2075 Solin.)

231 2095 381 2178 Sequitur
402 2101 603 2183 praepositio
627 2105 675 2179 de,
699 2103 731 2162 in
754 2117 817 2180 qua
839 2096 1078 2178 frequentanda
1092 2118 1132 2162 ac
1146 2101 1302 2164 varianda

16 2268 17 2272 Ἰ
138 2197 301 2279 Apuleius
324 2198 474 2280 plurimus
498 2206 558 2264 est.
582 2199 725 2264 Cunctae
745 2204 850 2262 autem
871 2197 1023 2261 notiones
1042 2197 1211 2279 profectae
1227 2213 1303 2264 sunt

11 2287 13 2290 ⁵
139 2318 185 2360 cx
210 2297 319 2360 nativa
346 2298 415 2360 eius
437 2298 469 2359 vi
496 2299 668 2364 admodum
695 2299 792 2365 flexili
819 2297 1036 2379 mutabilique,
1076 2318 1139 2380 qua
1165 2300 1299 2380 primum

138 2398 245 2459 babet
276 2396 479 2462 deductionis
504 2419 545 2462 ex
578 2401 686 2484 aliquo
712 2400 788 2466 loco
815 2397 868 2462 vel
889 2397 1101 2462 detractionis
1129 2398 1170 2462 de
1193 2399 1300 2480 aliqua

137 2517 179 2560 re
205 2497 409 2577 conspicuam
431 2505 467 2563 ut
488 2500 535 2564 sic
564 2501 699 2564 dixerim
727 2498 1004 2581 significationem.
1046 2497 1084 2560 In
1107 2517 1169 2579 qua
1190 2498 1300 2581 ampli-

8 2582 14 2668 ἶ
137 2597 272 2661 ficanda
292 2596 459 2678 plurimum
480 2601 541 2662 sibi
562 2607 768 2683 sumpserunt
788 2598 870 2676 Afri,
894 2596 1041 2679 inprimis
1063 2597 1300 2663 Tertullianus:

8 2695 10 2701 ’
139 2718 219 2760 nam
247 2699 332 2779 apud
361 2719 418 2762 eos
445 2699 571 2782 legitur,
608 2701 663 2764 ubi
681 2707 747 2764 tum
770 2699 809 2762 ab
833 2703 888 2760 aut
915 2715 956 2760 ex
982 2697 1122 2779 purioris
1150 2697 1300 2763 dictionis
1369 2737 1385 2772 .

141 2803 327 2862 sectatores
348 2800 590 2879 praetulissent,
613 2805 679 2862 tum
699 2800 731 2861 in
751 2799 820 2861 eius
835 2797 942 2860 locum
957 2797 1140 2877 secundum,
1156 2805 1301 2882 propter,

8 2901 10 2906 ⁴
139 2897 200 2960 vel
222 2897 356 2979 simplex
378 2899 538 2964 ablativus
559 2900 688 2962 videtur
709 2898 886 2964 succedere
907 2916 1018 2979 posse.
1048 2895 1108 2983 Sic
1122 2896 1303 2964 insolenter

8 2998 23 3086 s
141 2998 315 3062 coniunxit
338 2997 489 3080 Apuleius
512 3005 644 3082 „petere
667 2999 708 3062 de
732 2997 870 3077 aliquo“,
893 3016 960 3060 nou
981 2996 1300 3079 stupescerent.

20 3091 22 3102 ⁴
140 3097 205 3162 IV.
219 3099 296 3162 822:
318 3099 359 3162 de
381 3099 489 3164 vicino
511 3109 601 3163 terra
619 3099 724 3180 petita
745 3097 827 3176 solo,
843 3097 903 3161 scd
917 3096 959 3162 bt
974 3097 1031 3162 VL
1046 3097 1109 3160 410
1116 3096 1195 3162 Petit
1208 3097 1303 3162 Venus

141 3199 181 3260 de
203 3207 246 3260 te:
267 3199 354 3279 quod
375 3199 416 3262 de
438 3201 589 3281 precibus
616 3219 682 3262 nou
707 3202 880 3279 usmpatur
900 3196 964 3259 uisi
991 3198 1033 3260 ab
1054 3197 1151 3262 intimi
1179 3199 1302 3265 ordinis

145 3298 362 3379 scriptoribus
392 3296 538 3381 (illisa),
566 3300 706 3380 itemque
733 3296 935 3379 propinquae
958 3297 1102 3362 notionis
1124 3297 1304 3362 aliaverba

14 3402 17 3409 “
143 3396 348 3462 11111183
374 3398 409 3461 de
430 3421 475 3462 rue
501 3399 660 3470 contendet,
687 3399 864 3462 ramessem.
890 3396 981 3461 VIII.
1002 3397 1064 3461 583
1085 3417 1197 3480 porum
1218 3398 1304 3462 dese

9 3509 11 3516 ’
142 3501 211 3562 surb
231 3498 370 3561 munibus
390 3517 555 3582 emerere.
577 3499 603 3562 I.
618 3499 659 3563 66
673 3498 708 3563 de
722 3497 855 3582 paudum
868 3517 933 3558 unu
950 3546 958 3560 .
975 3505 1162 3580 ,peremunt
1183 3496 1226 3562 X.
1242 3498 1305 3564 695

145 3599 241 3681 Erpa,
261 3608 296 3659 ut
309 3618 357 3659 res
377 3607 428 3676 est,
451 3597 486 3660 de
507 3618 553 3660 me
573 3602 736 3680 coqnour'u
758 3616 836 3664 saa
858 3617 920 3662 me.
942 3596 1047 3659 Minus
1071 3602 1146 3661 sunt
1159 3598 1242 3662 haec
1257 3598 1303 3660 in·

145 3698 254 3778 solita,
278 3698 333 3760 ubi
354 3718 415 3762 nos
437 3705 546 3761 tamma
568 3703 833 3779 exspectaremus
856 3715 898 3760 ex
918 3692 958 3761 M.
973 3695 1013 3759 V.
1029 3697 1091 3760 332
1112 3698 1147 3760 de
1167 3697 1305 3760 munitm

14 3807 36 3872 s
144 3800 257 3861 uxores
283 3801 411 3861 monuit
434 3797 493 3862 XI.
516 3799 577 3862 785
595 3817 697 3882 preces
718 3798 753 3860 de
773 3807 853 3860 custo
875 3817 927 3860 ore
941 3797 1091 3881 prescius.
1114 3796 1202 3861 Flor.
1223 3796 1249 3860 I.
1264 3795 1305 3860 29

11 3903 12 3912 ’
145 3902 184 3962 de
205 3895 320 3962 summo
346 3909 464 3981 pectore
488 3898 608 3962 besem.
630 3894 767 3964 11183
788 3907 823 3960 ul
843 3906 871 3960 et
890 3897 1005 3982 lapides
1033 3917 1105 3982 quor
1130 3897 1305 3980 offenderem

28 4057 38 4074 .
146 4003 184 4062 de
210 3999 328 4060 bomine
353 3998 479 4061 durruos
500 3998 660 4080 permulta
682 3997 808 4062 similia.
843 3997 970 4064 Deinde
992 3995 1216 4062 multominus
1238 3997 1304 4060 vul·

27 4085 36 4099 ⁹
147 4100 243 4184 garia
265 4099 451 4182 colligamus
474 4099 571 4164 haec:
595 4099 638 4162 M.
658 4099 717 4164 111.
737 4098 798 4162 218
819 4107 940 4162 norlrue
963 4097 1134 4161 vuuiuu.
1157 4145 1164 4162 .
1186 4097 1221 4160 de
1242 4098 1304 4159 oin·

11 4189 13 4224 ³
36 4271 38 4276 ,
147 4202 232 4263 dictu
253 4200 395 4263 solatium
415 4200 490 4264 dele.
512 4201 570 4264 IV.
584 4200 647 4264 250
659 4221 713 4263 nec
734 4249 741 4264 .
765 4243 774 4260 .
796 4199 939 4263 rontium
952 4197 1060 4261 delum
1075 4196 1307 4280 snoresccn'ene

30 4371 31 4381 ,
147 4302 265 4367 tribues
294 4303 335 4365 IL
351 4302 401 4365 94.
428 4300 567 4384 Splendet
592 4302 674 4364 entus
699 4298 807 4362 umbra
834 4299 915 4382 u'pni
938 4297 973 4360 de
995 4301 1092 4361 nitore
1119 4295 1235 4380 lapidis.
1262 4296 1305 4360 ib.

149 4403 213 4467 107
235 4403 329 4484 erupis
343 4401 378 4463 de
399 4402 474 4462 eulr's
494 4421 577 4462 roseo
593 4401 701 4462 nabore
714 4421 802 4486 quom
819 4401 853 4463 de
875 4398 961 4460 vestis
983 4417 1077 4461 nureo
1099 4397 1195 4462 colore
1209 4396 1305 4480 ploci-

14 4523 18 4529 ’
147 4515 255 4566 lasne:
278 4502 363 4582 equod
386 4525 450 4565 non
473 4503 586 4564 cadem
602 4501 729 4564 ratione
750 4501 823 4584 pcs'
918 4519 925 4538 ¹
947 4505 968 4577 t,
993 4519 1056 4578 qua
1075 4496 1252 4577 „delectari
1267 4496 1307 4559 dc

20 4619 23 4624 ’
150 4604 265 4698 aliqua
282 4605 340 4672 re“
360 4603 420 4678 scd
434 4623 582 4680 caussam
595 4601 725 4686 iudicat,
754 4669 759 4680 ,
1003 4599 1063 4677 ,Υ
1140 4598 1199 4672 528
1215 4595 1308 4670 ltre-
