3128 5300
730 427 751 493 9

159 631 275 696 borum
295 627 468 694 immodica
489 628 584 712 copia
607 631 667 694 est.
703 626 778 694 Non
799 631 911 713 potest
931 627 1027 694 ullam
1049 629 1165 696 afferre
1185 631 1240 696 vel
1261 630 1315 696 de·

158 731 324 811 nominare
346 749 414 794 rem
436 728 470 792 in
492 727 673 793 sententiae
693 747 780 792 nexu
800 727 1005 813 levissimam,
1029 730 1106 813 quin
1128 749 1200 794 cam
1222 735 1318 796 ornet

160 851 225 896 uno
247 829 301 895 vel
322 828 467 912 pluribus
488 827 649 911 appositis
671 827 725 892 vel
740 827 914 912 amplificet
931 828 1079 894 similium
1096 829 1244 895 similiter
1263 849 1316 894 ex·
1335 895 1338 906 ,

162 935 348 996 ornatarum
378 927 556 992 additione.
598 925 664 992 Ubi
690 947 796 992 rerum
828 928 971 994 varietas
1000 928 1090 993 nulla
1121 934 1182 1005 est,
1218 930 1319 994 verba

162 1021 252 1098 certe
274 1030 441 1096 variantur
447 1051 456 1112 ;
476 1028 503 1094 si
516 1028 634 1093 desunt
645 1028 755 1112 verba,
772 1018 826 1094 aut
840 1047 927 1094 nova
936 1029 1099 1114 finguntur
1113 1035 1168 1094 aut
1180 1030 1319 1095 licenter

161 1134 367 1222 immutantur
385 1131 514 1194 usitata
547 1129 708 1193 Immensa
737 1135 788 1194 est
809 1129 978 1196 multitudo
1001 1130 1220 1213 exemplorum
1242 1130 1318 1195 talis

161 1232 306 1298 luxuriae
333 1230 483 1295 infrenis:
512 1249 553 1295 ex
579 1221 693 1311 quibus
714 1233 822 1293 tamen
845 1231 886 1294 ad
920 1229 1172 1295 adumbrandam
1205 1231 1318 1296 dictio·

160 1334 211 1400 nis
245 1330 388 1415 speciem
419 1349 525 1414 pauca
547 1329 717 1394 efferamus
748 1326 839 1393 velut
859 1331 900 1396 M.
917 1333 946 1396 Ι.
970 1333 1024 1397 12:
1052 1332 1154 1397 arduo
1174 1333 1320 1396 montium
1343 1332 1359 1357 ¹

162 1445 189 1498 et
211 1431 326 1496 lubrr'co
346 1431 469 1495 calicum
493 1440 519 1494 et
539 1429 658 1493 roseida
681 1431 822 1515 cespitum
839 1440 866 1494 et
877 1431 994 1517 plebaeo
1010 1451 1191 1520 camporum
1200 1432 1243 1497 ib.
1259 1432 1319 1497 39:

160 1535 357 1618 fortunarum
384 1531 517 1597 lubre'cas
538 1529 674 1614 sniapes
699 1540 727 1594 et
746 1531 896 1596 instabiles
924 1534 1111 1598 sucurrones
1129 1542 1156 1596 et
1187 1534 1316 1619 recipro-

163 1658 215 1698 cas
241 1635 475 1699 arcumtudenes:
495 1633 538 1695 ib.
560 1631 617 1696 34:
639 1652 762 1695 caussas
782 1642 810 1696 et
823 1635 1076 1719 pereprsnatronis
1104 1633 1266 1698 diuturnae
1297 1644 1346 1698 et·

164 1737 357 1800 domuitionis
379 1734 491 1798 anxiae
521 1741 548 1794 et
567 1731 754 1820 spoliationis
773 1732 902 1798 diurnae
915 1744 942 1798 et
956 1734 1050 1799 eladis
1071 1735 1196 1797 miserae
1213 1735 1323 1817 resero:

78 1863 83 1870 ·
165 1857 248 1921 quae
275 1837 381 1901 omnia
409 1834 450 1898 ad
478 1833 563 1897 ideu'r
591 1834 710 1896 iactum
738 1838 898 1915 spectant.
957 1836 1000 1900 M.
1028 1835 1105 1900 210:
1141 1832 1358 1904 micantibus.

165 1939 260 2003 ocules
285 1945 311 1999 et
333 1933 505 1999 releuatus
526 1933 657 1996 ducendis
683 1943 711 1996 et
735 1933 937 1998 renidentibus
963 1935 1096 1999 mnibus
1121 1931 1321 1997 uticentibus

165 2039 275 2105 osculis
306 2048 334 2099 et
347 2033 548 2120 [laprantr'lus
561 2032 694 2117 pupillis.
717 2032 757 2097 V.
785 2034 856 2099 343.
898 2033 1013 2100 Nuntio
1041 2034 1153 2120 Psyelae
1174 2035 1252 2097 iacta
1269 2033 1323 2118 slo-

165 2140 249 2204 rebot
269 2149 296 2202 et
316 2138 436 2201 diuinae
460 2134 569 2198 sobolis
591 2132 696 2196 solatio
712 2133 877 2218 plaudebat
905 2143 933 2197 et
949 2134 1052 2217 saturi
1065 2134 1205 2219 pipnoris
1224 2133 1323 2218 picria

163 2237 303 2326 pestr'ebat
323 2248 349 2300 et
370 2237 501 2300 materni
518 2235 648 2298 nominis
670 2232 812 2318 de'pnitate
830 2229 979 2319 pandebat
999 2235 1042 2298 ib.
1065 2233 1141 2300 344:
1186 2233 1257 2298 Dies
1278 2233 1323 2296 ul·
1345 2273 1358 2316 4

166 2341 240 2402 trino
261 2347 288 2400 et
313 2356 400 2400 casus
422 2345 571 2400 extremus
597 2344 624 2398 et
647 2355 738 2397 senus
759 2335 881 2417 cnfhstus
903 2343 930 2398 et
949 2334 1074 2417 sanquis
1100 2335 1322 2398 narniensium

168 2439 296 2523 sumpsit
322 2457 410 2502 arma
440 2447 467 2500 et
493 2446 593 2500 castra
621 2436 776 2498 commouit
802 2444 830 2497 et
855 2435 948 2499 acrem
974 2435 1088 2498 deiecit
1114 2444 1142 2497 et
1169 2434 1324 2498 classicum

161 2539 348 2625 personavit.
391 2537 511 2601 Verum
531 2536 623 2599 huius
646 2535 817 2602 fastidiose
841 2555 879 2598 ac
900 2554 1139 2618 nonnumquam
1162 2533 1231 2598 sine
1254 2553 1325 2599 sen-

168 2659 223 2704 sus
252 2637 500 2721 amplificatione
525 2635 705 2701 cumulatae
735 2657 773 2700 ac
802 2634 959 2720 copiosae
982 2634 1154 2699 facundiae
1179 2633 1328 2716 exempla

166 2740 201 2802 in
221 2739 409 2802 immensum
431 2738 543 2819 augeri
564 2743 712 2820 possunt.
769 2739 807 2801 ln
829 2738 879 2802 his
899 2736 1046 2801 omnibus
1069 2738 1214 2818 apparet,
1240 2734 1328 2816 quod

167 2841 201 2902 in
215 2836 333 2921 Apulei
355 2837 497 2901 dictione
518 2836 698 2921 gravissimi
726 2837 827 2901 ferme
850 2836 1001 2900 momenti
1024 2841 1085 2919 est,
1108 2836 1329 2900 concinnitatis

168 2940 302 3002 studium
324 2936 535 3000 immodicum.
580 2935 789 3000 Concinnitas
810 2936 953 3000 cernitur
975 2936 1112 3001 diversis
1136 2934 1327 3018 speciebus:

167 3037 303 3120 primum
331 3037 358 3101 si
386 3035 532 3119 singulae
561 3035 809 3100 enunciationes
838 3040 947 3101 certos
981 3041 1179 3119 argutosque
1208 3041 1242 3098 et
1268 3034 1328 3099 cir-

168 3135 383 3218 cumscriptos
407 3134 663 3218 complectuntur
696 3135 833 3200 ambitus
866 3141 920 3199 aut
954 3135 1058 3199 verba
1091 3134 1200 3200 verbis
1236 3133 1329 3216 quasi
1401 3161 1404 3170 ·

168 3238 326 3302 demensa
348 3255 385 3300 ac
408 3235 502 3318 paria
521 3236 732 3316 respondent
809 3234 936 3300 Deinde
960 3235 1075 3299 crebro
1099 3235 1195 3299 etiam
1218 3234 1328 3298 conlc-

169 3339 286 3400 runtur
313 3335 491 3418 pugnantia
518 3339 551 3398 et
578 3334 870 3417 paritercxtrcma
891 3336 1106 3400 terminantur
1128 3335 1329 3418 eundemque

168 3435 317 3499 referunt
347 3435 381 3497 in
417 3434 565 3498 cadeudo
602 3454 724 3498 sonum.
771 3434 836 3499 Vix
866 3440 973 3499 autern
1001 3435 1065 3499 dici
1093 3441 1215 3520 potest,
1236 3456 1330 3520 quam

169 3533 288 3598 creber
321 3553 359 3597 ac
390 3533 505 3608 nimius
535 3534 634 3598 fuerit
660 3533 817 3616 Apuleius
848 3536 881 3599 in
915 3536 1061 3599 omnibus
1093 3536 1143 3601 his
1177 3535 1330 3600 dictionis

169 3633 315 3698 flosculis
351 3631 483 3718 (πάρισα.
516 3630 653 3696 ἰσόκωλα.
687 3632 906 3716 ὁμοιοτέλευτα)
941 3635 1087 3717 studiose
1127 3635 1330 3718 appetendis.

169 3730 301 3813 Ubique
331 3733 436 3796 oratio
463 3733 504 3797 iis
529 3732 652 3796 referta
679 3733 773 3814 quasi
800 3734 983 3798 conectitur
1011 3734 1097 3798 inter
1125 3755 1160 3800 se
1192 3741 1226 3799 et
1248 3732 1331 3797 ordi-

167 3836 266 3896 natur
290 3833 636 3916 comprehenditurque
659 3834 809 3898 membris
832 3833 957 3917 pariter
978 3833 1091 3898 relatis
1114 3840 1148 3898 et
1168 3839 1239 3898 tota
1261 3833 1331 3896 fere

169 3932 212 3996 iis
242 3931 374 3995 nititur:
404 3931 480 3996 inde
501 3952 618 4016 magna
633 3933 868 4016 proprietatum
883 3934 952 4000 eius
968 3951 1044 4018 pars
1061 3933 1210 3998 ducenda
1225 3930 1331 4012 est*).

169 4034 280 4114 Atque
309 4031 401 4095 liuius
431 4031 588 4095 orationis
620 4052 776 4097 coruscae
802 4034 1006 4118 numerisque
1029 4033 1176 4098 rotundis
1199 4038 1233 4098 et
1256 4037 1331 4115 apte

169 4130 401 4212 modulateque
422 4131 539 4212 positis
562 4152 633 4196 cum
655 4133 792 4216 quadam
819 4135 983 4216 aequabili
1006 4132 1255 4198 circumactione
1280 4132 1333 4195 de·

170 4235 304 4298 vinctae
333 4229 511 4304 affectatio,
544 4237 696 4312 quantum
725 4253 763 4296 ac
793 4232 888 4316 quale
919 4231 1070 4315 scriptori
1100 4231 1191 4314 quasi
1219 4230 1332 4294 incita·

170 4341 314 4398 mentum
337 4330 436 4394 fuerit
456 4334 490 4393 et
512 4349 641 4415 caussa,
678 4352 718 4395 ne
741 4332 845 4395 dicam
870 4333 1067 4414 necessitas,
1100 4329 1332 4395 vocabulorum

170 4435 303 4500 noviter
330 4451 390 4516 pro
419 4431 582 4495 desiderio
604 4432 658 4495 vel
679 4432 812 4496 arbitrio
835 4432 1090 4516 pangendorum‚
1112 4431 1258 4514 pluribus
1281 4449 1334 4493 ex·

242 4565 270 4632 *l
289 4563 394 4628 Ritter,
419 4561 463 4616 die
481 4563 684 4617 Schriitsteller
701 4563 842 4616 Alrika’s:
872 4563 1010 4618 Zeitschr.
1035 4563 1077 4616 fiir
1094 4561 1196 4615 Philol.
1215 4579 1239 4614 u.
1259 4561 1335 4614 kath.

172 4647 275 4704 Theoi.
293 4647 364 4700 Helt
380 4647 405 4702 8.
422 4646 494 4700 Kiiln
516 4646 589 4701 tara.

1078 4745 1121 4800 .2
