3068 5310
657 409 714 474 121

114 611 234 674 deiude
248 610 331 676 dixit
350 607 390 674 M.
398 609 438 675 V.
446 610 507 676 372
526 609 610 673 liceo
630 608 907 674 diachoninibus
922 660 931 692 .
945 657 953 675 .
971 607 1090 674 venna
1103 607 1268 693 pennatos

114 732 209 793 quum
232 710 303 775 aliis
325 711 408 776 locis
429 707 485 794 (ib.
507 709 549 775 H.
568 706 609 773 85
630 707 793 776 inaurem
815 707 958 774 mulieris
980 706 1151 793 obgannit)
1174 727 1265 773 accu-

114 811 251 875 sativum
271 815 499 895 praeponeret.
548 809 659 874 Habet
685 813 791 872 autem
817 807 879 871 hoc
901 808 1143 876 excusationem
1170 827 1266 892 quan·

114 911 198 993 dam,
217 931 283 974 non
303 911 406 974 minus
429 929 523 992 quam
544 908 601 972 ills
622 905 731 974 tivi.
753 907 814 971 407
836 918 954 972 mutata
974 908 1006 972 in
1028 907 1127 992 inpelle
1146 909 1269 994 Psyche.

110 1011 172 1076 ΠΙ.
200 1011 253 1075 191
273 1011 356 1095 ficos
377 1010 409 1072 in
431 1007 530 1093 lapide
549 1010 619 1072 stete·
635 1007 766 1090 pelidae:
788 1027 931 1090 quorum,
954 1013 991 1072 ut
1011 1009 1106 1074 uobis
1128 1009 1266 1089 videtur,

110 1111 312 1193 perversitas
342 1109 505 1192 mitigatur
531 1107 585 1171 vel
612 1106 798 1172 declaratur
824 1127 864 1172 ea
885 1107 1024 1189 ratione,
1045 1128 1143 1192 quae
1181 1109 1268 1192 apud

111 1215 231 1292 poetas
253 1211 442 1293 plerumque
457 1207 638 1287 intercedit,
656 1207 707 1290 qui
721 1207 879 1290 imagines
895 1208 1091 1292 conspicuas
1108 1207 1266 1293 (bolbona

112 1308 233 1394 tirttat)
256 1310 445 1390 consectati,
477 1309 511 1372 id
539 1307 626 1391 quod
653 1307 710 1372 liat
731 1309 793 1371 iam
821 1308 941 1372 factum
967 1307 1090 1374 vident.
1141 1308 1267 1374 Deinde

110 1410 291 1474 translatus
319 1429 428 1473 verum
457 1409 541 1474 idem
568 1407 730 1490 legitimus
764 1407 1018 1490 praepositionis
1045 1429 1123 1474 usus
1152 1415 1203 1474 est
1228 1409 1270 1492 is‚‘

111 1529 177 1590 quo
206 1508 325 1572 dicitur
348 1507 462 1591 aliquis
490 1507 611 1591 aliquid
636 1507 745 1572 lacere
773 1507 827 1572 vel
853 1507 922 1589 pati
947 1507 981 1572 in
1003 1507 1113 1590 aliqua
1133 1528 1185 1574 re:
1214 1510 1268 1593 qui

113 1608 148 1670 in
172 1609 259 1671 omni
279 1608 408 1672 dicendi
431 1629 552 1689 genere
576 1608 760 1672 sublimiore
784 1605 956 1689 adbibitus,
984 1613 1018 1672 et
1043 1609 1183 1692 Apuleio
1205 1608 1268 1673 ire·

112 1707 344 1789 quentissimus
371 1727 477 1790 neque
506 1727 524 1772 a
552 1707 671 1772 ceteris
697 1706 933 1772 recentioribus
956 1707 1170 1792 scriptoribus
1192 1709 1267 1774 alie-

109 1827 171 1871 nus
202 1811 253 1870 est
281 1806 322 1873 M.
350 1807 407 1872 lV.
434 1809 495 1873 308
527 1811 560 1872 in
593 1807 733 1871 inmunis
759 1807 890 1872 cultibus
918 1807 989 1872 dece
1014 1818 1116 1872 tantae
1141 1810 1268 1874 numina

108 1907 285 1990 placantur.
313 1908 354 1972 ib.
377 1908 439 1972 314
468 1907 550 1984 Quid
576 1908 717 1971 lacerans
743 1910 776 1972 in
801 1910 907 1972 uestris
933 1907 1113 1972 ceuleimen
1133 1908 1271 1973 luminu?

110 2008 146 2070 V.
168 2005 230 2070 359
261 2007 293 2070 in
319 2007 417 2082 codem
438 2029 560 2094 corpore
587 2007 653 2072 odit
675 2007 805 2087 bestium,
832 2007 931 2092 diligit
956 2010 1107 2074 moritum.
1141 2008 1186 2074 ib.
1206 2007 1268 2074 307

110 2105 285 2188 complemus
306 2109 337 2170 in
360 2107 474 2172 calamo
498 2109 634 2173 Cannam
655 2106 748 2172 deam.
771 2107 845 2173 VII.
865 2109 928 2173 492
947 2110 979 2172 in
1001 2107 1163 2171 nonrsm'mc
1180 2119 1270 2192 purte

109 2207 249 2288 corporis
270 2216 364 2269 totum
382 2228 427 2270 me
443 2209 616 2292 periturum
643 2207 791 2292 defictdm.
834 2208 902 2272 Iam
928 2208 1123 2273 insolentior
1150 2226 1189 2272 ea
1218 2213 1270 2272 est

106 2305 363 2386 praepositionis
386 2307 486 2387 notio,
510 2329 573 2390 qua
589 2307 762 2390 designare
784 2306 1029 2372 instrumentum
1045 2307 1099 2372 vel
1121 2328 1268 2374 caussam

107 2395 254 2471 videturr
279 2425 362 2488 quae
382 2414 490 2470 tamen
510 2407 655 2492 legitima
677 2413 728 2472 est
749 2427 788 2471 ec
809 2427 943 2490 prorsus
956 2407 1141 2491 rationalis,
1171 2429 1267 2491 quan·

108 2504 284 2588 doquidem
305 2506 348 2588 id,
372 2506 458 2587 quod
480 2526 540 2589 per
555 2508 675 2590 aliquid
695 2507 738 2589 lit,
763 2508 860 2572 etiam
880 2513 993 2590 potest
1014 2508 1077 2572 dici
1091 2507 1159 2572 lieri
1171 2509 1204 2573 iu
1217 2528 1267 2590 eo,

109 2606 261 2687 quoniam
283 2624 401 2669 caussa
427 2608 537 2689 posita
559 2608 662 2673 estin
684 2608 733 2671 rei
753 2606 957 2672 condicione.
997 2605 1110 2673 ,Nobis
1140 2609 1269 2691 quidem

106 2712 175 2768 tum
201 2703 307 2768 otiose
331 2711 364 2768 et
386 2725 455 2768 cum
477 2705 674 2770 abundantia
690 2706 826 2789 quadam
846 2705 959 2770 addita
979 2704 1109 2771 videtur
1129 2727 1267 2792 praepo·
1364 2739 1371 2758 ·

108 2805 197 2868 sitio.
240 2802 305 2868 Est,
322 2810 428 2868 autem
450 2806 501 2869 hic
520 2827 597 2872 usus
620 2807 763 2888 apostis
781 2806 943 2880 oriundus,
963 2806 1087 2887 quires
1103 2813 1264 2872 auteocu·

105 2903 270 2986 losquasi
282 2911 405 2986 ponere
420 2905 579 2988 animique
592 2905 745 2971 notiones
759 2910 883 2969 mutare
900 2905 1032 2970 student
1042 2906 1076 2969 in
1091 2926 1267 2990 expressus

106 3003 352 3085 imagineanon
368 3003 567 3086 cogitatione
584 3005 813 3088 percipiendas
826 3005 885 3070 sed
897 3004 993 3088 quasi
1010 3005 1129 3088 oculis3
1149 3006 1267 3071 deinde

107 3103 258 3167 omnibus
279 3103 494 3168 recentissimi
522 3105 597 3168 aevi
617 3104 841 3187 scriptoribus,
870 3103 925 3185 qui
952 3103 1081 3187 quidem
1103 3107 1268 3188 poeticam

109 3203 270 3266 affectent
290 3202 509 3284 imitationem,
525 3204 679 3287 frequens
702 3211 736 3269 et
756 3204 1068 3287 Ainispotissimum
1089 3205 1121 3268 iu
1143 3205 1267 3287 primis·

106 3323 172 3386 que
194 3302 399 3366 Tertulliano
421 3303 688 3368 familiarissimus
705 3303 805 3384 esti).-
841 3302 945 3367 Varia
967 3323 1010 3367 en
1029 3302 1169 3385 Apuleio
1193 3322 1266 3368 cou-

105 3402 298 3486 quisivimus
316 3401 472 3482 exemplu.
499 3402 780 3468 Minimeoffendit
796 3402 830 3465 in
846 3409 925 3486 post
946 3402 1108 3466 adieetiva
1128 3405 1269 3486 positum

105 3510 141 3567 ut
163 3502 207 3569 X.
229 3501 458 3567 ulbarolo-m
477 3499 617 3585 adspectu
635 3503 810 3568 maburtius.
834 3501 876 3566 IL
900 3501 950 3566 88.
974 3501 1056 3564 oculi
1074 3503 1106 3565 ab
1129 3503 1269 3590 adspectu

103 3606 260 3667 memorales.
283 3601 341 3665 IV.
363 3601 424 3665 265
444 3604 477 3664 eit
493 3612 653 3686 prospectu
674 3603 842 3686 attonitum.
863 3600 953 3666 VIII.
975 3599 1038 3665 570
1059 3602 1091 3664 ia
1110 3600 1208 3668 ,hebeti
1219 3607 1268 3689 pi-

100 3703 200 3788 gritia
219 3703 314 3786 serem
337 3700 425 3764 Flor.
446 3701 471 3763 I.
495 3702 534 3766 18
552 3705 588 3765 ab
610 3701 742 3766 tibicinio
763 3704 899 3785 apprime
919 3699 1037 3766 actito.
1064 3700 1107 3767 M.
1126 3702 1184 3768 VI.
1207 3704 1269 3770 390

102 3806 137 3868 in
161 3803 255 3866 tantis
276 3801 436 3882 expoliatis
449 3799 615 3865 :laboribus
629 3800 779 3884 defessam
798 3797 898 3864 Multo
917 3801 1023 3884 magis
1046 3801 1269 3866 memorabilia

104 3901 431 3968 spatulam-1185
451 3921 541 3964 senem
561 3905 624 3966 ium
644 3904 747 3986 prucis
767 3901 800 3964 in
826 3902 924 3968 annii.
945 3902 991 3967 ib.
1003 3901 1065 3966 115
1082 3901 1149 3964 orbi
1159 3901 1269 3966 cadom

102 4005 137 4065 in
157 4011 259 4065 seluto
273 4001 409 4085 prelebsi.
431 3999 488 4064 IV.
509 4000 572 4065 293
593 4021 626 4064 m
648 4010 741 4064 aetate
761 4000 867 4076 moriar,
883 4001 936 4065 vel
960 4001 1045 4084 quod
1068 3999 1192 4082 simplis
1216 4019 1268 4065 cu·

102 4123 160 4166 sus
187 4106 221 4164 et
241 4099 496 4183 praepositionis
519 4099 590 4164 vice
612 4099 738 4183 insigne
752 4100 788 4163 fit
809 4099 850 4166 Μ.
866 4099 908 4167 X.
932 4100 995 4165 690
1025 4098 1112 4164 illam
1133 4102 1268 4184 parraci-

101 4203 181 4264 dam
199 4200 335 4283 fraterno
356 4198 448 4262 caelio
469 4209 495 4262 et
509 4202 542 4263 ab
564 4202 745 4262 comminuta
765 4219 910 4264 novercae
929 4219 998 4263 nece
1016 4198 1172 4264 st‘carabm.
1194 4197 1268 4276 Qui·

101 4304 167 4366 bus
192 4300 346 4364 addamus
368 4299 464 4364 haece
492 4299 534 4364 M.
549 4297 607 4363 IX:
622 4297 684 4362 656
705 4299 766 4361 iam
787 4295 833 4361 itis
852 4301 886 4362 in
903 4297 1023 4382 porum
1045 4298 1159 4362 motuni
1179 4297 1268 4362 ulter·

176 4429 542 4514 *)lldemicreaocidit1u
573 4445 743 4499 Graecorum
762 4429 791 4492 ἐν
797 4445 896 4512 ,quod
915 4444 998 4498 simili
1023 4446 1131 4499 rabone
1149 4459 1266 4516 primum

105 4530 352 4602 poetieaconsuet
340 4528 437 4580 tudine
448 4527 538 4594 (Pind.
546 4527 588 4582 Ol.
602 4528 637 4581 ll.
644 4527 685 4581 ³0.
692 4527 768 4580 Xlll.
777 4525 819 4595 78)
831 4527 951 4598 indeque
966 4525 1203 4598 apostorioribus‚
1210 4525 1268 4596 By-

100 4614 228 4670 maritimis
246 4611 371 4682 iuptimis
391 4613 465 4682 scrip
468 4611 606 4668 toribusl
606 4615 740 4682 sequente
741 4615 796 4666 tur
1037 4680 1069 4736 w
