3128 5300
843 379 883 451 32

302 575 368 644 Sed
389 580 471 646 haec
493 579 686 646 remissioris
699 579 946 662 festinantisquc
965 580 1121 646 orationis
1136 583 1273 666 vestigia
1283 602 1359 648 rara
1375 589 1452 650 sunt

298 699 336 742 ac
356 679 446 743 nihili
469 681 670 746 aestimanda
691 699 770 763 prae
793 679 916 762 reliqua
937 679 1005 745 eius
1031 680 1237 746 affectatione
1261 689 1448 749 autumare

298 778 355 858 (ef.
378 778 422 844 ib.
443 778 514 845 515.
536 779 597 844 522
620 778 696 863 etc.)

380 880 485 962 Atque
513 880 563 946 his
591 880 660 945 fere
689 881 892 964 exposuimus
915 899 962 962 ea,
980 911 983 916 ·
1002 881 1114 962 quibus
1137 882 1275 948 efficitur
1296 884 1452 950 dictionis

299 978 390 1043 color
410 981 538 1064 quidam
558 981 681 1064 vulgari
704 979 824 1044 similis.
866 977 948 1043 Nam
969 981 1186 1063 proprietates
1209 1001 1277 1062 eae,
1301 1003 1383 1066 quae
1408 984 1452 1046 ad

300 1080 541 1164 grammaticam
564 1086 722 1166 spectant,
747 1081 780 1143 in
795 1079 899 1142 altera
912 1084 1004 1161 parte
1027 1100 1084 1145 suo
1108 1101 1253 1164 quaeque
1267 1083 1342 1148 loco
1362 1103 1452 1148 seor-

300 1182 359 1246 sim
380 1181 612 1246 tractabuntur.
655 1181 694 1243 In
713 1179 776 1244 fine
798 1184 905 1243 tamen
928 1178 1136 1243 additamenti
1158 1179 1232 1246 loeo
1254 1182 1453 1245 mentionem

301 1281 455 1346 faciamus
477 1300 594 1355 emam,
620 1299 700 1362 quae
724 1299 764 1344 ex
784 1278 963 1362 linguarum
985 1298 1003 1342 e
1024 1278 1125 1342 latina
1146 1285 1285 1344 antarum
1306 1281 1451 1348 similitu·

298 1381 372 1445 dine
397 1379 610 1446 deducuntur:
634 1398 714 1462 quae
729 1398 833 1462 neque
850 1378 977 1442 anobis
992 1384 1141 1461 repertae
1161 1385 1235 1444 sunt
1249 1386 1303 1445 aut
1319 1382 1449 1446 omnino

298 1481 435 1564 reperiri
455 1481 678 1562 poterant'pro
697 1477 854 1543 scientiae
868 1478 1035 1562 tenuitate,
1051 1499 1156 1562 neque
1173 1478 1306 1545 alicuius
1323 1481 1363 1544 ad
1377 1501 1449 1563 per·

302 1580 501 1646 noscendam
521 1579 640 1661 Apulei
665 1577 839 1641 dictionem
862 1584 934 1641 sunt
956 1579 1116 1644 momenti.
1160 1576 1241 1644 Nam
1269 1587 1304 1644 et
1322 1581 1451 1644 meadu-

301 1700 380 1756 care,
403 1679 543 1741 mandere
566 1679 714 1761 (mamper)
745 1697 812 1740 nnn
838 1683 970 1761 usurpat
998 1679 1061 1744 nisi
1083 1679 1123 1744 de
1145 1681 1260 1746 bestiis
1287 1681 1340 1761 (M.
1364 1681 1450 1744 VHI.

300 1780 372 1844 563.
395 1777 452 1844 IV.
474 1777 558 1858 287.)
580 1797 686 1860 neque
708 1775 829 1862 spathae
854 1777 1043 1841 vocabulum
1079 1780 1211 1864 (cepada,
1243 1783 1320 1867 epte)
1351 1781 1393 1845 M.
1424 1781 1450 1844 I.
1494 1835 1497 1840 .

302 1880 351 1945 21.
373 1874 429 1944 ΙΧ.
450 1878 520 1943 671.
542 1877 607 1942 ullo
630 1877 726 1940 modo
747 1876 856 1959 gladio
883 1879 936 1942 vel
958 1880 1128 1944 machaera
1153 1882 1262 1963 potius
1284 1880 1395 1943 habuit
1418 1887 1454 1944 et

301 1978 510 2062 frequentius,
526 1997 630 2060 neque
652 1976 721 2040 illa:
744 1998 815 2039 casu
834 1980 948 2042 maasia
964 1979 1079 2042 bassum
1100 1980 1190 2044 bellus
1210 1965 1330 2043 russeus
1341 1979 1384 2045 M.
1394 1975 1451 2044 IX.

302 2077 373 2142 654.
401 2077 491 2141 VIII.
513 2076 583 2142 567.
605 2078 647 2141 ll.
674 2078 730 2140 103
753 2082 815 2142 etc.
844 2084 898 2140 aut
918 2077 995 2143 DPl.
1018 2077 1059 2143 ll.
1082 2079 1143 2144 233
1170 2081 1296 2164 coquina
1327 2081 1451 2144 Arnob.

302 2173 440 2262 (cua'siae)
468 2180 501 2239 et
527 2176 567 2240 M.
596 2176 677 2240 VIlI.
704 2175 766 2240 589
793 2172 832 2242 X.
861 2179 922 2242 710
946 2178 1062 2242 minare
1088 2175 1212 2262 (maner)
1236 2180 1266 2241 ei
1293 2179 1353 2242 soli
1377 2185 1454 2243 sunt

303 2278 423 2342 usitata
443 2295 549 2358 neque
572 2275 709 2357 denique
732 2277 787 2352 illi,
816 2279 901 2360 quod
920 2297 1036 2342 revera
1057 2278 1219 2359 plebeium
1240 2279 1366 2342 videtur
1387 2280 1452 2360 Ap.

304 2377 364 2442 429
384 2376 534 2440 camarare
556 2373 710 2459 (etamper)
732 2378 822 2457 potui
845 2378 979 2440 alterum
1002 2379 1104 2444 simile
1126 2398 1301 2462 apponere.
1336 2379 1453 2462 Neque

270 2479 272 2503 ²
303 2485 412 2543 tamen
433 2477 516 2540 hanc
541 2475 721 2539 omittamus
743 2496 819 2541 usus
843 2477 1107 2560 singularitatem,
1130 2499 1222 2561 quam
1240 2487 1275 2542 at
1289 2478 1453 2561 plebeiam

303 2578 485 2662 linguarum
507 2595 524 2638 e
547 2575 677 2658 plebeia
698 2575 858 2639 latinitate
879 2576 1092 2642 derivatorum
1108 2579 1348 2661 comparatione
1366 2572 1454 2640 com·

304 2680 442 2762 probare
466 2676 587 2742 studuit
606 2677 911 2764 Winkelmannus*),
930 2677 988 2759 *qui
1003 2684 1110 2742 tamen
1125 2679 1295 2761 Apuleium
1315 2696 1381 2739 non
1401 2696 1454 2738 re·

305 2779 421 2861 spexit.
480 2776 612 2841 ltalicae
641 2778 724 2840 enim
755 2777 1018 2861 Hispanicaeque
1048 2779 1177 2862 linguae
1205 2778 1363 2862 gerundia
1383 2777 1453 2840 in-o

306 2877 466 2960 exeuntia,
492 2897 533 2940 ex
555 2877 668 2940 eadem
688 2875 790 2941 latina
816 2877 919 2941 forma
939 2884 1011 2942 arta
1031 2898 1096 2942 non
1118 2879 1259 2942 nativam
1280 2877 1349 2940 eius
1369 2877 1453 2939 noti-

305 2997 399 3041 onem
435 2975 494 3040 sed
525 2976 720 3039 immutatam
750 2977 783 3038 in
811 2977 973 3059 participii
1001 2978 1238 3066 similitudinem
1264 2977 1454 3042 ostendunt:

303 3079 392 3143 euius
413 3076 641 3140 immutationis
662 3075 802 3158 vestigia
825 3077 856 3138 in
876 3077 998 3141 Vitruvi
1020 3083 1053 3140 et
1083 3078 1240 3141 Ammiani
1270 3075 1456 3140 Marcellini

303 3178 446 3242 dictione
467 3177 598 3260 reperit,
621 3196 702 3259 quae
731 3177 795 3240 alia
822 3197 948 3260 qunque
974 3176 1117 3258 vulgaris
1146 3178 1304 3242 sermonis
1331 3176 1456 3240 indicia

301 3281 401 3344 habet
423 3277 529 3342 multa.
573 3277 737 3360 Exemplis
758 3278 833 3342 inde
856 3278 962 3342 allatis
986 3277 1076 3360 (Vitr.
1100 3279 1148 3344 Vl.
1170 3279 1199 3343 9.
1221 3277 1325 3361 praef.
1347 3272 1385 3342 X.
1407 3275 1452 3342 X.

302 3380 358 3460 22)
381 3378 495 3444 similia
517 3397 558 3441 ex
577 3377 716 3460 Apuleio
740 3385 876 3460 possunt
898 3378 975 3442 addi
1001 3377 1094 3441 haee.
1108 3377 1151 3442 M.
1178 3378 1203 3442 I.
1231 3379 1271 3443 47
1293 3386 1326 3440 ut
1344 3375 1454 3461 praba·

303 3480 384 3544 tulus
406 3532 412 3544 .
436 3478 636 3564 palpitando
657 3477 788 3544 saltaret.
827 3480 887 3545 III.
914 3480 975 3545 298
1003 3477 1144 3541 Herculei
1163 3477 1273 3540 labaris
1295 3495 1455 3540 numerare

303 3581 469 3648 ..tutulum
484 3590 652 3666 peremptos
672 3590 754 3642 utres
775 3581 963 3667 coaequando
994 3574 1049 3642 IX.
1072 3578 1132 3642 658
1148 3576 1322 3645 recursabat
1340 3595 1454 3659 paupe·

302 3683 376 3746 mera
397 3701 496 3765 pecua
523 3679 710 3754 trucidanda,
739 3678 822 3744 boues
843 3680 985 3765 abr'peudo
1020 3685 1080 3745 etc.
1124 3680 1161 3746 ll.
1194 3679 1252 3743 721
1289 3677 1454 3759 uoluptates

301 3803 382 3846 meus
403 3801 441 3844 err
469 3781 532 3844 erus
558 3779 685 3843 arbr'l'rr‘o
712 3778 903 3865 lurpiebatur,
934 3783 1053 3866 partlm
1084 3778 1227 3842 mercedes
1254 3775 1454 3859 amplissimas

302 3881 491 3967 acceptando,
506 3883 623 3964 partim
649 3900 759 3944 aarum
786 3881 985 3966 spectaculum
999 3881 1000 3884 ’
1013 3880 1132 3943 domama
1152 3874 1379 3964 praeparando.
1408 3874 1452 3936 cf.

301 3983 326 4048 1.
350 3983 398 4049 15.
421 3982 461 4046 v.
484 3963 729 4046 aas'moeraa.
763 3981 814 4046 vr.
841 3980 903 4043 aar
929 3980 1130 4063 reformata.
1161 3977 1238 4042 vri.
1266 3976 1328 4040 479
1352 3977 1454 4037 secur.

301 4082 407 4149 sande.
428 4081 491 4149 480
509 4081 651 4166 [masada.
680 4081 752 4146 488.
779 4080 936 4163 riuapr'aem
956 4080 1037 4142 sam‘r'
1055 4077 1218 4144 mentiendo
1247 4126 1254 4140 .
1277 4124 1283 4138 .
1305 4075 1454 4140 mersr'tat.

301 4184 344 4249 ib.
362 4182 423 4248 489
445 4182 642 4246 admiscendo.
664 4181 748 4246 VIII.
770 4178 947 4243 delectando.
969 4179 1026 4243 IX.
1042 4180 1104 4244 599
1119 4176 1298 4264 praehenda.
1321 4170 1375 4238 IX.
1389 4173 1453 4238 634

303 4283 473 4349 deierando.
496 4281 576 4348 DSr.
604 4281 665 4345 140
691 4300 764 4343 aera
786 4328 792 4341 .
814 4327 820 4343 .
841 4279 992 4342 aalr'taado
1014 4278 1257 4344 transverberant
1285 4281 1345 4340 etc.
1370 4294 1453 4357 quae

303 4385 426 4449 formae
450 4387 586 4446 cunctae
609 4381 730 4446 habent
751 4400 815 4443 nou
832 4380 1012 4462 cohibitam,
1030 4379 1088 4443 sed
1103 4378 1276 4442 inhabilem
1294 4376 1454 4459 quandam

370 4517 397 4583 2)
414 4513 515 4568 Philol.
538 4511 668 4575 Skizaen,
692 4509 717 4564 d.
737 4509 839 4564 Gesch.
863 4509 887 4562 d.
906 4513 973 4566 rim.
992 4509 1116 4580 Spraehe
1134 4525 1159 4560 u.
1178 4509 1332 4560 Litteratar
1350 4505 1454 4558 batres-

306 4595 379 4652 lend.
398 4597 498 4652 Jahn’s
517 4595 612 4650 Jahrb.
634 4595 704 4650 1833.
723 4595 753 4648 ‘Ar
771 4595 905 4666 Supplbd.
923 4612 968 4664 pg.
986 4593 1041 4646 505.
