3128 5300
706 431 749 507 29

34 705 43 726 ,
145 643 295 726 impense
318 643 567 726 frequentatum,
589 650 631 722 et,
648 644 734 728 quod
756 645 940 727 explicandi
961 646 1066 731 gratia
1085 644 1262 738 interponit

144 743 180 807 id
203 753 253 807 cst.
307 741 386 808 DPl.
410 740 449 806 ll.
482 743 553 808 235.
588 743 669 808 DSr.
704 743 772 810 138.
799 743 887 811 Flor.
928 748 981 808 111.
1010 746 1059 810 68.
1095 747 1144 812 74.
1176 747 1219 812 Μ.
1253 747 1327 812 xl.

147 843 223 909 775.
266 839 288 905 l.
321 821 372 908 44.
412 865 479 907 cum
519 853 578 906 tato
614 845 699 908 domo
737 844 770 907 id
802 857 843 908 est
869 844 1039 928 parietibus
1073 857 1098 908 ct
1132 847 1197 931 ipsc
1232 846 1304 911 salo.

148 945 261 1024 Atque
287 942 349 1005 huc
370 943 534 1008 retulerim
554 943 628 1009 illas
659 963 785 1028 quoque
808 944 1000 1028 locutiones
1027 966 1108 1028 quac
1127 946 1305 1010 formantur

148 1043 266 1107 addito
298 1043 438 1109 faciendi
471 1045 588 1107 verbo:
625 1064 757 1126 quaram
785 1048 851 1106 tum
885 1039 1027 1110 uarietas
1054 1052 1120 1108 tum
1140 1044 1309 1112 incuriosa

152 1143 317 1225 quaedam
339 1143 527 1227 simplicitas
548 1143 648 1206 habet
674 1162 838 1207 commune
868 1144 1018 1226 quiddam
1047 1167 1118 1210 cum
1146 1145 1195 1229 iis,
1225 1167 1304 1229 quas

147 1243 185 1304 im
208 1247 342 1308 nostrae
370 1243 500 1326 linguae
527 1241 690 1306 nonnullis
725 1242 873 1307 dialectis
906 1245 1007 1308 verbo
1034 1245 1150 1328 narbet
1178 1266 1305 1329 compo-

147 1348 233 1405 nunt
253 1364 318 1406 non
335 1344 523 1431 inferiorum
545 1346 669 1405 tantum
692 1341 836 1405 ordinum
851 1343 1006 1406 homines,
1037 1344 1134 1409 Oerte
1157 1344 1197 1409 ab
1221 1345 1304 1429 opti·
1334 1399 1337 1404 .

141 1463 201 1504 ma
222 1442 352 1507 dicendi
376 1462 488 1506 norma
511 1441 662 1506 differunt
688 1442 785 1505 haec:
820 1443 859 1508 M.
890 1443 923 1507 V.
946 1442 1005 1507 321
1028 1444 1111 1508 cntra
1132 1445 1299 1511 belnensem

143 1542 234 1624 facit.
278 1543 315 1607 X.
338 1542 399 1607 745
420 1553 489 1604 autc
509 1541 617 1605 iudicis
637 1553 821 1624 conspectum
839 1541 960 1625 factai)
990 1543 1043 1606 vel
1061 1540 1109 1609 Vl.
1133 1545 1193 1631 447
1216 1545 1305 1610 talem

145 1642 291 1705 nuntium
304 1641 378 1724 fecit
402 1641 447 1704 lV.
470 1642 530 1707 277
558 1642 623 1705 6616
646 1643 726 1723 sacto
748 1643 933 1706 dulcessimus
959 1640 1147 1727 (Augustin)
1175 1641 1224 1710 Vl.
1243 1643 1304 1711 437

147 1759 321 1824 supremam
328 1743 473 1826 periculis
487 1763 569 1827 opem
587 1744 683 1826 facita
717 1745 750 1808 V.
774 1743 835 1808 358
861 1743 934 1809 Cum
950 1745 1086 1827 primum
1109 1743 1191 1807 ilb'us
1213 1756 1307 1808 morte

70 1850 75 1858 ‘
146 1840 275 1904 salutem
297 1841 353 1904 tibi
368 1843 481 1924 seceris.
510 1842 572 1907 His
596 1843 792 1925 simplicibus
816 1843 938 1925 opponi
959 1849 1098 1925 possunt
1117 1839 1300 1910 locutiones

146 1941 313 2005 vastiores
337 1947 433 2023 atque
455 1942 659 2025 inelegantius
687 1941 813 2026 (quales
842 1963 940 2025 supra
963 1943 1123 2009 attulimus
1149 1945 1303 2027 fabricare

146 2042 247 2104 risum
270 2037 355 2124 etal:
403 2043 445 2107 M.
473 2039 522 2107 Vl.
543 2043 606 2107 443
627 2045 647 2108 1.
667 2045 704 2108 61
733 2053 768 2105 at
793 2043 867 2106 satis
895 2042 1122 2107 detruncaverat
1143 2043 1248 2108 cibum
1283 2041 1305 2111 1.

149 2140 193 2203 19
214 2139 336 2222 offulam
355 2143 548 2224 prandiorcm
569 2190 576 2205 .
598 2194 604 2207 .
621 2155 820 2208 contruncare
835 2145 935 2227 pastae.
955 2143 1002 2210 lV.
1025 2144 1084 2209 617
1107 2155 1307 2208 contruncare

147 2229 417 2326 metropoleorum
448 2239 498 2308 lX.
522 2242 581 2308 657
603 2265 657 2307 666
678 2245 829 2327 rapinasti
847 2239 1008 2330 (666616)
1029 2244 1077 2310 Vl.
1098 2245 1161 2312 430
1173 2245 1308 2330 prandio

147 2341 343 2405 tuberauato.
381 2343 442 2424 Ap.
457 2341 519 2406 544
539 2343 673 2408 timorem
694 2342 878 2407 mussitabat.
913 2343 1118 2410 invenustam
1140 2365 1181 2410 ne
1203 2345 1308 2410 dicam

148 2441 316 2506 sordidam
347 2442 436 2524 vulgi
465 2444 644 2509 orationem
672 2445 752 2508 haec
794 2463 920 2526 quoque
950 2444 1101 2510 redolent
1149 2445 1190 2511 M.
1217 2446 1237 2512 l.
1265 2445 1306 2510 53

146 2541 213 2606 Nos
232 2540 401 2605 cucurbitae
418 2553 510 2627 caput
529 2565 589 2606 uon
608 2544 748 2608 babemus
768 2553 803 2606 ut
819 2564 877 2629 pro
899 2553 925 2608 te
951 2545 1128 2609 moriamur.
1159 2544 1209 2609 V.
1243 2546 1304 2612 338

147 2641 306 2706 cucurbita
328 2641 487 2705 calviorem
514 2647 659 2708 maritum
692 2644 748 2726 (cf.
784 2645 895 2709 iuven.
916 2641 1003 2710 XlV.
1035 2644 1101 2726 58).
1138 2642 1208 2710 Vll.
1243 2645 1303 2709 491

147 2741 253 2828 quouis
274 2761 390 2804 ceruecc
403 2742 551 2806 meliorem
568 2737 678 2827 efficere
701 2741 764 2809 Vll.
780 2744 842 2808 472
860 2744 979 2825 foenum
994 2745 1104 2808 camelo
1120 2744 1307 2810 Bactrianae

147 2840 307 2924 sufficiens.
346 2841 489 2906 Plurima
511 2843 670 2910 eiusmodi
690 2845 724 2908 in
751 2844 863 2928 iurgiis
886 2844 1229 2927 exsecrationibusque
1253 2865 1305 2910 oc·

149 2946 284 3005 currunt
305 2941 394 3004 velut
415 2942 456 3007 M.
480 2944 525 3007 lV.
548 2942 610 3009 250
631 2945 711 3008 busti
730 2943 860 3008 cadauer
880 2956 1054 3007 extremum.
1079 2945 1121 3008 ib.
1143 2945 1205 3011 259
1229 2946 1304 3031 bipe-

149 3042 225 3104 dum
246 3043 442 3125 nequissimus
459 3041 628 3128 Cbryseros.
649 3044 692 3110 ib.
707 3043 769 3110 265
781 3045 871 3108 senile
884 3044 961 3108 illud
971 3047 1100 3128 [omnus.
1144 3044 1307 3112 7111570

147 3141 349 3204 ruderarium
373 3145 505 3208 cribrum
526 3145 636 3230 (Plaut
647 3143 741 3208 Most.
765 3145 790 3208 1.
803 3145 830 3208 1,.
842 3143 883 3208 52
900 3146 1082 3210 carnificum
1098 3146 1249 3226 cribrum)
1263 3147 1305 3212 ib.

145 3242 212 3307 574
231 3242 360 3306 cadauer
382 3245 519 3310 nardum.
543 3245 586 3308 ib.
608 3246 670 3312 586
696 3245 751 3308 illa
771 3245 966 3328 spurcissima
982 3246 1147 3330 propudia.
1182 3241 1222 3311 X.
1244 3247 1305 3311 693

146 3343 319 3406 cruciarius
340 3339 379 3408 X.
403 3344 602 3409 uouemere
630 3347 665 3412 V.
686 3347 748 3410 376
776 3344 870 3408 stellio
900 3347 961 3428 Ap.
988 3346 1050 3411 539
1073 3344 1176 3428 fruteta
1202 3346 1244 3413 M.
1265 3341 1304 3413 X.

146 3444 210 3508 746
231 3442 377 3506 ot‘b'ssima
398 3445 498 3528 capita
518 3447 607 3510 imma
626 3447 758 3531 forensia
773 3449 897 3531 pecora,
926 3449 1014 3510 ummo
1036 3466 1104 3510 uero
1126 3447 1222 3529 lopati
1240 3447 1303 3510 cul·
1382 3471 1386 3480 ’

146 3545 233 3608 turii.
255 3539 311 3609 IX.
334 3545 396 3610 634
415 3548 455 3608 Ar
475 3556 501 3608 tc
523 3595 530 3610 .
554 3595 561 3610 .
584 3549 710 3610 numina
725 3548 889 3632 perseniam
904 3567 1040 3631 pessume
1056 3546 1205 3631 perduint.
1240 3548 1301 3633 Ap.

145 3644 209 3710 552
231 3645 321 3708 istum
343 3645 377 3708 di
392 3647 543 3730 perduint.
565 3648 606 3710 M.
634 3649 670 3714 V.
693 3648 755 3712 330
767 3647 859 3710 Prius
880 3649 984 3710 centres
1006 3648 1124 3711 moriar
1145 3665 1237 3731 quam
1259 3661 1301 3723 ut,

144 3747 206 3811 HI.
232 3746 290 3810 197
311 3745 366 3810 Dii
385 3746 461 3810 mibi
488 3747 593 3812 melius
614 3769 705 3834 quam
725 3758 768 3812 ut.
789 3747 846 3811 IV.
874 3747 936 3811 292
959 3748 1039 3834 quid,
1072 3749 1195 3836 malum,
1219 3755 1302 3839 fleret

92 3878 97 3882 ·
144 3844 185 3911 X.
199 3847 258 3910 707
282 3847 361 3932 quid,
385 3846 503 3922 bouum,
520 3849 630 3914 rideret
641 3845 708 3932 *il

233 3946 350 4010 Verum
380 3969 421 4012 ex
448 3948 497 4014 his
525 3949 742 4015 locutionibus
776 3945 910 4030 singulis
937 3946 1130 4031 colligendis
1156 3949 1302 4018 minimus

215 4078 243 4146 1)
258 4079 359 4152 Donat.
383 4079 418 4132 ad
435 4079 545 4134 Phorm.
565 4082 616 4137 IV.
634 4081 658 4145 3,
682 4075 723 4136 30,
743 4117 756 4144 ‚
769 4079 834 4132 hinc
861 4075 986 4131 facessat
1019 4093 1069 4147 pro
1088 4098 1094 4131 :
1113 4079 1207 4145 cedat,
1230 4082 1299 4136 alias

142 4161 238 4216 saciat.
255 4161 319 4216 Huc
337 4162 371 4214 dc
390 4163 460 4229 1666,
479 4163 580 4218 dicitur
591 4181 641 4236 pro
654 4167 707 4238 huc
727 4162 856 4217 accedc.“
873 4163 918 4215 Ex
936 4161 1057 4232 Apuleio
1071 4163 1191 4218 conferri
1202 4169 1299 4236 potest

146 4245 233 4300 etiam
255 4245 399 4302 facessere
423 4265 473 4320 pro
497 4249 634 4303 decedere
659 4247 771 4318 saepius
793 4249 969 4315 usurpatum:
995 4244 1136 4300 facessere
1160 4248 1296 4312 cubiculo,

145 4330 280 4393 theatra,
305 4331 440 4396 castellis,
464 4348 478 4384 6
503 4333 659 4402 conspectu
682 4335 736 4386 cto.
763 4329 797 4386 61.
821 4332 858 4385 M.
882 4330 933 4384 III.
958 4329 1012 4381 151.
1033 4327 1086 4382 182.
1107 4329 1161 4386 tel.
1182 4331 1230 4386 VI.
1248 4333 1295 4386 401

145 4413 228 4468 VIII.
247 4413 302 4467 bib.
321 4414 378 4470 eta.
394 4415 451 4471 588.
470 4415 520 4470 ΙΧ.
537 4416 594 4470 630.
613 4416 648 4469 X.
666 4416 722 4471 716.
741 4417 797 4472 721.
816 4417 872 4472 731.
890 4413 946 4470 tae.
964 4416 1018 4467 etc.

211 4498 256 4564 11)
274 4498 376 4552 Nescio
395 4515 429 4553 an
447 4500 475 4552 in
492 4500 564 4553 hunc
583 4499 705 4552 ordinem
727 4517 783 4554 non
800 4499 892 4572 possit
914 4496 1003 4566 recipi
1024 4495 1092 4550 illud
1108 4497 1145 4552 M.
1163 4499 1185 4552 I.
1203 4498 1235 4552 45
1252 4499 1296 4554 hic

146 4581 303 4638 Catamitus
321 4597 411 4636 meus:
430 4599 500 4652 quaa
519 4599 573 4636 vox
590 4584 703 4636 vetusta
721 4567 944 4652 exserentibus
970 4585 1101 4652 corrupta
1138 4583 1184 4650 (cf.
1217 4583 1296 4654 Paul.¹

143 4665 227 4726 Diae.
244 4671 290 4740 pg.
309 4665 332 4722 7.
351 4666 392 4722 lu.
409 4683 435 4740 p.
454 4665 494 4721 44.
512 4667 536 4722 6.
553 4664 642 4734 Mau.)
659 4665 770 4721 omnino
789 4669 834 4722 est
850 4662 955 4722 lascive
972 4657 1149 4732 blandientia,
