3068 5310
303 614 353 678 bis
372 633 586 696 parceremus,
612 615 653 680 ad
676 635 722 698 ea,
752 635 832 700 quae
856 636 953 698 supra
979 616 1012 682 in
1033 636 1113 681 voce
1136 616 1329 700 paenissime
1346 615 1456 680 disse·

303 713 430 798 ruimus,
453 715 577 780 reicere
592 734 772 798 possemus.
795 715 914 780 Verum
929 723 1101 798 praeterea
1116 717 1273 799 quaedam
1287 715 1459 780 monenda

304 820 386 879 suut.
429 812 581 878 Omnibus
607 813 725 898 linguis
751 816 813 880 hoc
836 836 999 881 commune
1034 821 1094 898 est,
1128 822 1170 897 ut,
1192 815 1247 879 ubi
1268 815 1456 898 degenera-

302 913 367 977 rint
388 935 408 977 a
427 913 537 978 nativa
556 913 756 999 pristinaque
780 915 940 996 castitate,
963 915 1099 980 sortibus
1122 935 1160 979 ac
1183 935 1281 998 saepe
1303 915 1457 979 immodi-

305 1012 352 1077 cis
371 1013 523 1077 remediis
545 1015 681 1081 amissae
705 1013 920 1098 simplicitatis
944 1014 1090 1078 damnum
1113 1015 1263 1079 studeant
1275 1035 1457 1098 reparare.

301 1111 391 1190 Quae
417 1134 511 1197 quum
533 1113 566 1176 in
587 1114 768 1181 uuiversum
796 1116 944 1176 constent
969 1112 1002 1177 in
1024 1114 1189 1178 vocabulis
1210 1116 1300 1180 novis
1321 1116 1457 1199 tingen-

304 1213 363 1293 dis,
387 1212 500 1278 dcsitis
521 1215 716 1297 repetendis,
740 1213 845 1281 solitis
859 1211 1037 1277 insolenter
1050 1214 1252 1296 usurpandis,
1273 1220 1335 1279 tum
1348 1235 1458 1298 prae·
1524 1215 1525 1230 ¹

299 1311 392 1395 cipue
414 1313 447 1377 in
470 1314 706 1398 exaggerandis
728 1321 824 1396 atque
841 1312 1035 1376 exacuendis
1055 1313 1239 1378 notionibus
1261 1319 1458 1396 cernuntur,

300 1417 355 1476 aut
373 1413 464 1479 vocis
491 1414 592 1499 ipsius
619 1414 810 1497 gradatione
831 1410 1038 1495 (paenissime
1053 1447 1063 1457 ·
1077 1413 1456 1494 postremissimus-tan-

297 1510 432 1597 tillulus)
454 1519 510 1577 aut
535 1514 677 1578 eiusdem
702 1515 872 1578 iteratione
901 1517 955 1575 aut
975 1512 1105 1576 duarum
1132 1512 1278 1577 similium
1301 1513 1456 1597 gemina-

297 1611 396 1679 tione.
438 1613 630 1678 Huiusmodi
657 1614 799 1678 arteficia
820 1611 934 1696 partim
958 1612 1072 1700 suavia
1091 1611 1308 1676 illectamenta
1329 1612 1457 1675 habita
1525 1611 1526 1616 ’

299 1717 380 1794 sunt,
403 1712 519 1796 partim
534 1709 630 1776 acuta
643 1713 734 1796 quasi
748 1712 904 1778 orationis
917 1711 1137 1792 condimenta:
1153 1711 1238 1776 inter
1254 1711 1333 1775 haec
1345 1731 1456 1793 prae·

298 1810 390 1894 cipue
418 1811 594 1878 reserenda
624 1817 675 1877 est
697 1813 795 1878 etiam
823 1811 1050 1898 particrdarum
1080 1811 1290 1876 immoderata
1310 1810 1457 1894 lateque

296 1915 413 1993 patens
433 1909 615 1976 cumulatio.
651 1910 814 1978 Florentis
834 1912 963 1996 linguae
981 1912 1157 1995 scriptores
1179 1911 1311 1994 simplici
1322 1912 1458 1974 rocula

297 2008 339 2073 ad
360 2009 578 2075 affirmandum
600 2017 655 2076 aut
677 2012 929 2078 adseverandum
952 2012 1096 2076 contenti
1117 2017 1210 2076 erant
1230 2012 1271 2074 ad
1291 2010 1456 2076 iteratas·
1526 2089 1527 2100 ἶ

183 2137 187 2148 ·
297 2129 359 2194 que
384 2131 450 2174 non
472 2112 714 2192 concurrebant,
743 2112 806 2178 nisi
826 2112 880 2175 ubi
902 2118 1064 2175 strenuam
1086 2131 1255 2194 acremque
1278 2109 1456 2176 desidera·
1519 2173 1521 2180 ,

295 2210 374 2273 bant
396 2216 449 2276 aut
470 2209 710 2276 contentionem
736 2218 791 2276 aut
812 2211 1064 2294 oppositionem:
1094 2210 1292 2277 senescentia
1321 2216 1354 2274 et
1382 2211 1455 2276 iam

296 2309 495 2390 depravatae
528 2316 676 2377 auctores
708 2317 740 2376 et
767 2312 1010 2376 affirmationem
1043 2317 1076 2376 ct
1097 2309 1350 2376 adversationem
1393 2313 1454 2376 ad·

294 2408 462 2473 lactabant
481 2409 658 2478 alacriores
680 2418 844 2495 totamque
867 2411 936 2476 sale
959 2411 1052 2494 quasi
1072 2411 1247 2476 salsissimo
1262 2409 1455 2478 orationem

293 2511 562 2594 perspergebant.
598 2511 746 2577 Ceterum
760 2511 932 2578 nonnullae
947 2510 1125 2574 huiusmodi
1146 2509 1358 2593 repetitiones
1379 2532 1455 2575 non

295 2609 461 2692 quaesitae
485 2630 567 2692 esse,
592 2613 650 2678 sed
670 2633 711 2678 ex
731 2611 875 2697 vulgaris
897 2610 1053 2676 sermonis
1075 2610 1273 2693 proprietate
1286 2609 1324 2674 iis
1340 2609 1453 2675 abun·

295 2708 392 2772 dante
412 2709 561 2775 videntur
582 2713 773 2779 manavisse.
808 2710 928 2788 Quibus
951 2717 1025 2774 ante
1047 2709 1080 2773 in
1100 2709 1280 2775 universum
1299 2711 1453 2794 monitis,

294 2809 358 2872 iam
372 2809 515 2893 singulas
538 2813 777 2894 perlustremus.
814 2815 898 2893 Ergo
924 2810 1021 2891 igitur
1041 2811 1204 2876 veteribus
1225 2809 1352 2875 comicis
1382 2811 1453 2875 fre·
1528 2849 1529 2890 3

295 2929 396 2992 quens
418 2910 556 2975 formula
576 2917 635 2990 est,
655 2912 794 2995 Apuleio
814 2930 892 2976 vero
907 2930 1013 2995 paene
1027 2911 1225 2994 frequentior
1240 2909 1280 2976 cf.
1295 2909 1335 2974 Μ.
1350 2909 1382 2976 Ι.
1397 2913 1453 2978 27.

294 3008 335 3074 Π.
351 3009 420 3075 133.
436 3010 505 3076 149.
520 3011 578 3076 ΠΙ.
593 3012 725 3078 208111.
741 3013 810 3078 238.
825 3012 866 3077 V.
882 3011 953 3077 342.
965 3011 1037 3075 VH.
1050 3011 1121 3076 463.
1132 3012 1202 3076 473.
1218 3006 1353 3078 4831Χ.
1371 3013 1451 3080 626.

295 3110 364 3175 636.
380 3110 450 3176 668.
462 3109 503 3176 Χ.
519 3111 589 3177 682.
605 3113 673 3194 749,
691 3111 750 3180 ΧΙ.
774 3111 843 3178 764.
866 3109 935 3175 799.
954 3112 1024 3177 813.
1045 3111 1123 3177 DPl.
1141 3112 1167 3177 Ι.
1190 3111 1259 3177 193.
1280 3111 1348 3176 207.
1371 3113 1453 3177 211.

293 3212 364 3276 214.
383 3211 454 3278 217.
475 3211 532 3278 IV.
554 3212 624 3277 257.
645 3210 1019 3279 Μ61111.303.317.,327,
1043 3210 1124 3276 Sunt
1145 3211 1272 3296 quidem
1293 3209 1454 3278 similium

294 3313 520 3396 particularum
551 3314 794 3380 coniunctiones
827 3312 913 3395 apud
944 3319 1072 3378 ceteros
1104 3332 1231 3396 quoque
1263 3311 1454 3394 scriptores

295 3431 416 3497 eosque
440 3413 577 3496 optimos
593 3434 658 3478 non
678 3413 840 3478 inauditae
863 3409 955 3496 (ergo
970 3413 1092 3480 idcirco
1109 3411 1175 3479 016.
1191 3412 1288 3479 Rosc.
1302 3415 1376 3479 Am.
1396 3415 1451 3482 39.

295 3533 375 3596 ergo
397 3514 506 3597 itaque
527 3513 595 3578 Liv.
617 3513 642 3581 Ι.
662 3513 704 3580 25
727 3533 825 3598 quare
849 3533 928 3598 ergo
949 3513 1032 3580 Plin.
1055 3513 1177 3598 Paneg.
1205 3511 1286 3595 31.):
1313 3515 1377 3578 sed
1401 3516 1454 3582 ita

293 3633 389 3679 rarae
413 3620 495 3698 sunt,
511 3620 545 3679 ut
567 3633 636 3680 cum
658 3615 720 3680 hoc
736 3613 907 3679 immodico
929 3635 988 3678 usu
1014 3635 1081 3679 non
1103 3615 1231 3698 possint
1252 3619 1451 3697 comparari.

295 3719 432 3781 Tandem
454 3711 851 3798 116111666Μ.Ι11.288.Χ.
868 3714 938 3780 703.
951 3715 1010 3781 HI.
1026 3714 1095 3780 215.
1111 3715 1147 3780 ll.
1164 3715 1361 3800 124vulgari
1378 3738 1452 3782 scr-

293 3817 380 3885 moni
401 3814 579 3879 tribuerim:
597 3816 712 3881 etenim
728 3816 866 3900 denique
888 3815 1001 3880 ecdem
1016 3833 1111 3880 sensu
1126 3836 1188 3898 quo
1208 3815 1338 3880 tandem
1352 3837 1450 3884 usur-

294 3924 411 4001 patum,
435 3915 613 3998 (utrumque
637 3921 744 3980 autem
764 3916 813 3982 his
837 3916 984 3980 excitatis
1007 3916 1102 3982 modo
1123 3916 1205 3982 locis
1220 3937 1285 3982 non
1300 3915 1452 3984 discerni

295 4018 428 4102 potest),
451 4015 538 4081 cuius
554 4015 722 4080 admodum
735 4035 810 4080 rara
826 4022 948 4081 tantum
963 4017 1110 4101 exempla
1123 4017 1334 4098 inveniuntur,
1357 4019 1452 4086 idem

296 4117 426 4202 vulgare
457 4115 573 4181 dicitur
605 4133 678 4179 6666
711 4113 1123 4201 (praestatutam).
1158 4095 1349 4201 'Sequantur
1380 4123 1450 4208 Ap.

294 4216 356 4282 549
376 4227 447 4281 tane
467 4215 580 4290 decade,
603 4211 643 4282 Μ.
660 4215 708 4281 lv.
723 4215 793 4282 241.
815 4217 895 4282 illico
906 4219 1014 4283 1161161.
1036 4217 1078 4286 ib.
1096 4219 1180 4287 vul.
1193 4220 1253 4287 553
1264 4220 1450 4303 frustrane-

295 4319 460 4482 qltlrlilcqppm,
485 4337 620 4402 quocum
640 4337 706 4383 non
729 4318 873 4385 conferri
898 4324 1009 4403 potest
1035 4325 1070 4385 ut
1091 4342 1226 4406 prorsus
1257 4322 1360 4389 simile
1385 4321 1449 4392 06-

295 4423 308 4483 t
417 4418 476 4482 .1:

269 4603 271 4612 γ
434 4515 518 4581 Rufe
538 4519 614 4583 mihi
631 4520 750 4603 (rastro
771 4541 808 4582 ac
832 4521 1026 4606 nequicquam
1048 4522 1168 4587 credite
1192 4524 1300 4589 amice.

268 4689 276 4702 ,
377 4615 459 4694 Tum
479 4616 559 4694 DSr.
576 4619 635 4685 106
656 4620 850 4717 quesierint,
871 4621 975 4694 rarius
998 4629 1063 4710 est,
1078 4623 1157 4688 illud
1178 4625 1240 4714 Ap.
1255 4626 1314 4692 561
1337 4645 1447 4717 pacm-
