3068 5310
824 369 867 436 88

273 568 364 654 ipsae
386 570 407 637 i.
427 591 456 639 e.
478 571 602 636 1011000
628 569 859 644 insolentiores
887 572 1091 657 colligendae
1120 574 1200 652 sint,
1224 574 1283 638 sed
1308 575 1349 639 de
1370 597 1436 642 usn

273 691 380 736 earum
409 670 647 755 disputandum,
675 692 738 754 quo
767 671 893 754 qnidam
921 673 1101 758 apurioris
1129 673 1286 740 sermonis
1308 677 1434 760 regulis

273 771 433 838 differant.
468 770 705 855 Nonnunquam
727 772 823 836 etiam
844 771 1098 857 interponentur,
1122 773 1181 837 sed
1201 793 1276 838 rara
1296 781 1434 854 tantum,

272 872 431 936 vocabula
452 892 518 936 non
539 880 675 955 propter
695 873 936 954 usurpationem
958 875 1017 938 sed
1039 872 1437 940 formaminsolentiorem

274 971 425 1055 notanda,
442 993 524 1056 quae
537 973 698 1057 prioribus
710 973 924 1057 subiungendi
939 979 1016 1058 apta
1029 974 1275 1040 desiderabatur
1288 978 1436 1041 occasio.

267 1149 272 1154 ἠ
356 1072 406 1134 Ac
426 1073 560 1154 primum
580 1073 706 1156 quidem
728 1074 971 1140 observavimus
997 1075 1151 1156 quasdam
1172 1075 1205 1139 in
1218 1081 1438 1156 pronominum

260 1175 590 1258 'pronominaliumqnc
623 1177 847 1241 adiectivorum
873 1196 929 1241 usu
950 1175 1152 1258 Apuleianae
1181 1175 1333 1242 dictionis
1360 1198 1437 1260 pro·

276 1272 444 1355 prietates.
486 1273 537 1338 Ex
565 1275 679 1357 quibus
707 1277 841 1358 primum
867 1297 988 1342 morem
1015 1275 1082 1340 eius
1105 1278 1312 1360 proponimus
1335 1279 1438 1341 mani-

276 1371 363 1436 festo
378 1373 523 1456 plmibus
538 1374 621 1438 locis
637 1379 728 1439 certo
745 1379 881 1459 quodam
897 1375 1033 1443 oonsilio
1050 1377 1257 1459 cogitateque
1272 1377 1438 1458 iteratum,

261 1483 344 1546 ,non
381 1474 576 1557 singularem
610 1474 817 1542 101101101010
848 1499 951 1557 usum,
995 1500 1056 1561 quo
1095 1478 1262 1544 vocabulis
1297 1479 1439 1562 apponit

275 1575 465 1656 pronomina
486 1575 683 1658 possessiva,
705 1577 759 1640 ubi
775 1567 822 1642 ¹en
841 1599 927 1643 nexu
947 1580 1129 1645 sententiae
1150 1581 1190 1643 iis
1208 1579 1307 1643 facile
1324 1600 1437 1662 super·

277 1674 392 1739 sedere
419 1695 587 1758 possemus
616 1695 718 1758 eaque
753 1679 962 1744 substantivis
997 1681 1066 1743 sere
1100 1680 1229 1762 saepius
1264 1675 1440 1761 anteponit

278 1795 370 1856 qnam
393 1776 563 1858 postponit
590 1775 631 1840 M.
640 1776 665 1841 Ι.
675 1777 713 1840 19
734 1797 800 1840 mea
818 1780 901 1860 qula.
929 1778 970 1844 65
990 1783 1062 1844 00010
1078 1781 1215 1847 auribus.
1242 1779 1282 1843 79
1303 1781 1367 1842 suis
1382 1801 1439 1864 pe-

276 1872 371 1940 dibus.
393 1875 594 1940 11102010
615 1876 760 1939 domabas.
784 1876 842 1940 141
866 1880 1074 1943 0000011111.
1095 1881 1172 1945 ibid.
1189 1891 1259 1942 1000
1276 1880 1438 1943 01100070-

276 1975 323 2040 110.
344 1975 564 2040 01115001
585 1975 755 2040 inmanibus.
777 1978 838 2042 216
852 1999 933 2042 meae
953 1978 1063 2044 700001.
1082 1980 1141 2043 217
1163 2001 1261 2043 meam
1282 1981 1439 2063 spiratum.

276 2075 337 2139 218
357 2075 419 2139 suis
438 2075 627 2140 cruciatibus.
654 2076 695 2140 ib.
719 2077 781 2140 180
802 2098 896 2141 meam
917 2082 1133 2144 0000000100.
1163 2081 1223 2144 188
1244 2101 1309 2143 mco
1331 2101 1438 2144 manu.

278 2175 338 2240 192
357 2195 425 2238 cam
444 2176 506 2238 sais
524 2175 696 2260 iasr'qaa'bus.
720 2176 780 2239 194
793 2187 846 2240 tao
855 2199 979 2261 pareas.
1003 2180 1063 2245 198
1078 2191 1161 2244 tuam
1172 2179 1441 2244 wisamarum

277 2296 401 2340 amores.
424 2277 485 2340 213
497 2277 559 2339 0010
572 2276 685 2340 artabas
704 2277 746 2338 cf.
768 2275 809 2341 ΙΙ.
823 2277 872 2343 89.
897 2278 954 2345 IV.
966 2279 1037 2346 267.
1050 2280 1120 2345 283.
1132 2280 1202 2345 304.
1216 2279 1287 2348 310.
1300 2281 1371 2346 313.
1396 2278 1439 2343 V.

276 2374 583 2442 339346342374.
611 2375 737 2441 171386
763 2396 844 2439 meuc
863 2378 950 2440 01000.
970 2379 1046 2444 ibid.
1069 2381 1128 2443 1010
1147 2379 1293 2464 precibus.
1316 2379 1440 2446 ib.391.

276 2475 337 2541 437
363 2497 443 2540 meae
470 2477 586 2540 0010110.
618 2475 1070 2558 0010000110000100.
1097 2481 1168 2542 mers
1190 2479 1441 2543 0100100111,

276 2576 415 2644 484489
437 2583 495 2642 etc.
540 2577 578 2639 ln
605 2575 750 2640 omnibus
777 2574 826 2639 his
847 2582 880 2638 et
901 2577 1073 2644 innumeris
1096 2579 1165 2642 fere
1188 2578 1259 2642 aliis
1281 2579 1441 2661 exemplis

277 2683 399 2742 tantum
423 2679 591 2758 abestut,
603 2675 848 2758 praepositione
870 2681 1091 2760 pronominum
1105 2677 1233 2761 pondus
1255 2679 1439 2761 amplietur,

276 2785 311 2842 ut
330 2779 439 2862 potius
463 2799 502 2842 ea
525 2777 645 2842 omissa
667 2794 741 2839 esse
763 2776 918 2843 malimus.
962 2778 1029 2840 Iam
1050 2779 1125 2842 illos
1147 2777 1250 2860 locos,
1273 2778 1440 2860 inquibus

277 2885 351 2942 sunt
372 2879 477 2943 otiose
501 2877 611 2942 addita
633 2875 692 2940 sed
719 2876 820 2940 minus
848 2878 967 2961 insigni
995 2877 1213 2942 collocatione
1240 2879 1439 2962 postposita,

277 2979 432 3062 colligere
452 2980 583 3062 longum
606 2983 671 3040 est:
695 2976 737 3040 ad
760 2996 840 3058 quos
861 2978 989 3042 accedit
1002 2980 1118 3062 ingens
1136 2997 1245 3042 eorum
1257 2979 1439 3057 multitudo,

276 3079 330 3144 ubi
357 3080 543 3163 anteposita
565 3082 639 3142 sunt
661 3082 752 3140 certa
774 3077 912 3158 quadam
934 3079 1077 3155 ratione,
1103 3077 1206 3160 velut,
1239 3084 1274 3141 ut
1304 3078 1440 3142 alterius

277 3180 475 3264 pronominis
497 3179 679 3264 personalis
700 3178 907 3260 oppositione
931 3183 999 3246 sive
1015 3179 1240 3244 coniunctione
1255 3179 1442 3260 praebeant

275 3281 444 3345 iucundum
470 3286 661 3346 concentum
686 3278 729 3342 M.
741 3277 799 3342 IV·
811 3279 874 3342 310
899 3268 961 3344 odit
986 3282 1019 3344 a'a
1045 3303 1075 3348 sc
1102 3299 1188 3343 saum
1212 3279 1441 3362 formositatem.

276 3382 385 3448 V.329
415 3383 499 3460 Quid
528 3383 590 3446 iam
622 3381 657 3444 de
684 3391 710 3443 10
738 3387 808 3441 taus
835 3382 964 3444 moratus
990 3379 1146 3464 ansperto?
1192 3378 1292 3455 Quam
1320 3379 1442 3443 deinde

275 3483 399 3566 pariter
426 3481 673 3548 consonantium
701 3498 816 3542 vocum
842 3481 1032 3546 suavitatem
1061 3482 1148 3544 auxit
1173 3486 1252 3542 nota
1278 3477 1336 3542 illa
1362 3500 1439 3562 pro-

275 3582 436 3647 nominum
459 3582 672 3646 cumulatione
696 3580 736 3645 01.
759 3580 898 3648 naam.
920 3582 977 3648 IV.
985 3581 1056 3647 309.
1072 3580 1112 3645 V.
1120 3580 1192 3645 321.
1207 3579 1344 3645 111443.
1359 3581 1438 3646 VH.

275 3683 346 3750 471.
372 3682 462 3748 VIII.
475 3683 545 3748 501.
558 3681 627 3746 545.
651 3677 705 3746 IX.
720 3681 795 3749 671:
822 3704 853 3746 00
879 3703 946 3746 cam
972 3702 1027 3745 sao
1048 3679 1108 3743 0111
1126 3679 1211 3742 asino
1231 3679 1331 3742 multa
1363 3680 1430 3744 alia

275 3783 451 3866 Aliquanto
473 3781 692 3847 etiamhorum
708 3782 924 3864 exemplorum
938 3801 1102 3846 nnmerum
1118 3798 1239 3862 augere
1253 3797 1440 3864 possemus,

277 3883 305 3948 si
329 3885 520 3954 adderemus
545 3904 593 3964 ea,
614 3884 648 3947 in
671 3883 785 3965 quibus
809 3901 924 3947 sensus
946 3882 1105 3965 quaedam
1127 3879 1254 3945 subtilis
1272 3865 1440 3964 oppositio

277 3985 474 4050 desideravit
494 3984 718 4068 pronominum
740 3982 930 4066 insignitam
952 3981 1212 4046 collocationem.
1235 3979 1356 4043 Verum
1376 3980 1442 4042 hae

275 4085 368 4167 ipsae
386 4085 617 4150 sententiarum
633 4083 811 4148 antitheses
829 4101 1062 4166 saepenumero
1075 4101 1209 4164 prorsus
1222 4080 1337 4144 inanes
1353 4087 1440 4156 sunt,

278 4184 391 4266 quibus
414 4206 509 4267 quum
530 4185 685 4269 Apuleius
707 4203 773 4248 non
794 4190 911 4266 posset
932 4203 991 4266 pro
1013 4181 1124 4246 indole
1147 4201 1205 4245 sua
1227 4186 1259 4244 et
1281 4180 1440 4245 orationis

278 4291 394 4370 arguta
418 4287 603 4370 minutaque
629 4285 837 4350 affectatione
853 4304 974 4364 carere,
993 4282 1087 4345 etiam
1099 4288 1250 4346 tumnsus
1263 4287 1322 4360 est,
1345 4301 1440 4363 quum

277 4407 382 4472 neque
403 4388 609 4452 necessariae
633 4391 746 4452 essent
767 4405 871 4468 neque
893 4386 1008 4449 faciles
1032 4383 1167 4464 quidem.
1199 4383 1292 4447 Illum
1315 4382 1438 4446 fontem

278 4489 380 4554 fuisse
404 4489 630 4569 contenderim,
654 4509 696 4554 ex
718 4506 780 4570 quo
804 4487 959 4550 diruerunt
977 4483 1072 4546 etiam
1093 4484 1317 4564 pronominum
1341 4503 1437 4565 quae·

279 4591 362 4654 sitae
389 4588 638 4655 collocationes:
668 4589 780 4671 quales
809 4606 990 4670 proponam
1016 4586 1089 4664 has,
1125 4585 1158 4646 in
1185 4585 1299 4667 quibus
1327 4584 1439 4648 inesse
