3128 5300
846 358 888 426 74

288 560 366 629 449:
388 561 557 631 exoculata
578 559 717 629 fortuna.
739 559 779 628 Μ.
794 560 854 630 ΙΠ.
870 560 930 628 187
950 561 1158 633 artaretur.
1178 563 1285 632 Plaut.
1309 587 1445 652 prorsus

289 685 405 732 888888
419 661 1087 748 88888811888181818ε81881811818.
1126 665 1278 751 Denique
1290 687 1445 746 88818818,

288 766 431 850 quamvis
457 765 552 829 etiam
581 760 732 828 Ciceroni
758 765 960 849 frequentius
983 767 1033 850 sit,
1056 787 1097 832 eo
1118 767 1362 832 memorandum
1386 776 1446 854 est,

288 867 375 948 quod
400 865 512 929 nativo
539 864 772 947 significatione
799 867 996 933 rarissimum
1023 869 1199 950 invenitur,
1228 872 1264 930 ut
1291 865 1333 931 M.
1357 869 1445 935 VIH.

286 965 348 1031 589
369 983 525 1029 enervare
545 962 687 1045 poplites
703 965 741 1028 of.
756 967 851 1050 Apio.
871 967 901 1032 4.
913 968 943 1032 2.
959 967 1116 1032 (1181111188
1129 968 1163 1032 18
1177 967 1315 1049 Eutrop.
1326 969 1353 1032 Ι.
1371 969 1444 1034 315.

288 1063 443 1129 Similiter
463 1084 585 1145 cropore
607 1064 714 1142 solito,
727 1067 786 1131 sed
800 1066 911 1150 paullo
934 1068 1060 1153 acriore
1075 1068 1215 1152 rogandi
1236 1087 1337 1132 sensu
1353 1089 1444 1134 usur·

286 1167 377 1250 pavit
393 1163 433 1230 M.
457 1165 492 1228 V.
510 1163 573 1228 345
595 1184 730 1247 erogare
752 1167 922 1249 precibus:
946 1167 1034 1250 quod
1046 1169 1181 1232 verbum
1196 1167 1328 1250 optimis
1342 1169 1442 1252 serip-

285 1267 410 1332 toribus
432 1269 554 1328 tantum
577 1263 616 1328 de
643 1265 781 1347 publicis
810 1266 988 1348 sumptibus
1015 1273 1067 1332 est
1086 1267 1253 1332 sollemne.
1295 1267 1378 1334 DPl.
1403 1269 1446 1332 Π.

286 1366 348 1431 235
366 1366 498 1450 focilare
518 1362 623 1428 Plaut.
645 1365 738 1431 Lucr.
755 1363 852 1431 Amm.
867 1366 928 1447 Ap.
944 1364 1007 1430 524
1022 1365 1111 1432 Flor.
1125 1367 1150 1430 I.
1165 1366 1186 1431 5
1204 1367 1356 1452 fumc'parc
1372 1367 1446 1436 001.

285 1463 657 1550 Varro.(formapassiva
672 1471 820 1548 apparet:
837 1465 1309 1551 cespeslibaminefirmigatus:
1329 1475 1447 1534 contra

286 1571 400 1631 neutro
422 1585 519 1630 sensu
542 1583 592 1646 ap.
616 1563 699 1630 Gcll.
721 1564 812 1631 XIX.
835 1566 862 1629 1.
885 1564 930 1651 3.)
951 1565 992 1629 M.
1004 1565 1058 1630 IX.
1078 1566 1139 1630 618
1151 1565 1288 1650 follicare
1310 1563 1345 1652 (i.
1363 1589 1392 1634 8.
1409 1569 1443 1632 18

286 1664 373 1729 follis
397 1665 539 1748 speciem
559 1660 686 1747 inflari.)
706 1664 824 1749 Veget.
847 1664 937 1728 Tert.
959 1663 1041 1729 1181.
1061 1665 1123 1729 134
1139 1665 1309 1750 fisciaelare
1323 1667 1441 1752 MOap.

288 1763 467 1840 Gracidure,
486 1763 572 1846 quod
584 1764 637 1846 qui
645 1763 779 1827 electius
793 1765 1002 1848 scripserunt,
1021 1766 1198 1848 proactivo
1209 1769 1311 1832 verbo
1324 1768 1446 1832 habue-

284 1861 1448 1952 runt‚scmeldixitquasigravidumfieri.Mnnd.30l:eacrassitudoaqua·

284 1989 353 2031 rum
364 1967 434 2030 fetu
454 1965 618 2049 gravidat;
637 1965 805 2048 permanare
822 1963 862 2028 M.
870 1965 925 2029 XI.
945 1964 1006 2029 808
1018 1966 1135 2030 eodem
1147 1968 1321 2032 sensuiam
1335 1969 1447 2034 Plinio

285 2067 486 2150 frequentius
510 2070 568 2130 cst.
611 2065 653 2130 M.
668 2065 727 2128 ΠΙ.
743 2062 805 2126 220
818 2063 1001 2147 terrcpilare
1020 2087 1045 2132 8.
1062 2065 1236 2130 Plurimum
1259 2068 1322 2133 sibi
1342 2069 1447 2133 lieen-

284 2168 349 2232 tiae
369 2166 504 2249 sumpsit
524 2164 556 2227 18
581 2164 680 2228 verbo
702 2160 855 2236 totana,
884 2169 949 2226 tum
978 2165 1065 2246 quod
1085 2165 1119 2258 in
1142 2168 1271 2250 agentis
1294 2169 1444 2251 speciem

286 2267 455 2331 confictum
476 2263 631 2348 patientis
657 2264 782 2327 vicibus
802 2261 952 2346 fungitur,
973 2268 1040 2327 tum
1062 2266 1148 2348 quod
1171 2270 1300 2333 omnino
1323 2289 1448 2332 novum

285 2371 345 2432 est.
388 2365 513 2430 Novum
531 2367 634 2426 autem
660 2363 688 2428 si
709 2363 858 2440 dicimus,
878 2369 912 2426 ut
933 2363 1048 2428 iterum
1082 2385 1286 2448 moneamus,
1313 2387 1354 2432 8ο
1377 2388 1447 2432 888

286 2467 325 2532 ab
348 2465 488 2549 Apuleio
511 2464 644 2545 primum
670 2463 704 2525 in
725 2463 867 2545 linguam
893 2462 1026 2527 latinam
1052 2470 1220 2554 receptum
1255 2485 1329 2530 8888
1362 2487 1442 2531 con-

283 2565 497 2630 tenderimus:
518 2562 576 2626 sed
592 2581 678 2626 nora
693 2564 793 2627 verba
809 2583 849 2626 88
865 2565 962 2626 etiam
977 2563 1123 2628 volumus
1142 2583 1225 2648 esse,
1248 2585 1329 2648 quae
1345 2567 1445 2633 1111818

285 2665 435 2730 obsoleta
460 2667 533 2728 sunt
557 2668 589 2726 et
602 2661 665 2725 iam
687 2663 793 2728 desita
815 2663 1066 2745 exculcataque:
1090 2663 1204 2745 quibus
1226 2665 1372 2749 utrisque
1396 2668 1447 2731 uti

283 2787 344 2831 nos
368 2767 496 2849 quidem
515 2783 577 2846 par
598 2763 666 2827 fere
698 2762 850 2826 delictum
879 2763 1078 2846 arbitramur,
1108 2763 1223 2846 quibus
1243 2769 1353 2829 tamen
1373 2766 1444 2832 illis

284 2866 435 2931 extremis
451 2866 491 2930 ab
510 2863 657 2946 omnique
679 2867 773 2946 parte
789 2863 998 2945 degeneretis
1017 2862 1147 2945 linguae
1162 2864 1364 2945 temporibus
1381 2886 1441 2948 pu·

282 2970 385 3030 tatum
407 2972 458 3032 est
480 2965 636 3029 orationis
667 2963 833 3046 elegantia
859 2970 892 3028 et
918 2963 1057 3027 dulcedo
1085 2965 1243 3044 quaedam
1271 2966 1447 3031 contineri.

283 3066 431 3131 Herbare
458 3065 558 3148 igitur
584 3063 624 3130 M.
650 3064 724 3128 VH.
750 3064 814 3128 474
846 3063 1038 3127 tabentibus
1058 3067 1162 3146 pratis
1195 3068 1311 3128 neutro
1343 3086 1447 3132 sensu

285 3165 373 3244 dixit,
387 3167 443 3230 ubi
459 3165 719 3248 exspectaveris:
742 3164 890 3230 herbere.
925 3163 1007 3228 Nam
1028 3163 1293 3229 terminatio-are
1310 3169 1449 3250 propria

284 3287 323 3330 88
344 3265 518 3350 principali
542 3265 668 3330 ratione
697 3265 840 3329 adhibita
870 3264 984 3328 estad
1012 3258 1219 3328 indicandam
1245 3266 1365 3348 agendi
1385 3285 1447 3333 no-

283 3367 406 3432 tionem
427 3366 594 3448 rariusque
623 3365 787 3430 inveneris
810 3365 842 3428 18
864 3365 955 3428 1111188
987 3363 1117 3445 generis
1139 3363 1246 3428 verbis
1267 3365 1448 3432 intransiti-

237 3459 239 3464 ’
284 3488 358 3531 vam
379 3468 451 3531 vim.
495 3466 547 3529 Ad
571 3485 664 3548 quam
685 3465 918 3550 designandam
941 3463 1023 3527 alios
1040 3462 1144 3526 exitus
1158 3463 1270 3546 lingua
1291 3466 1445 3547 potiores

283 3567 410 3633 habuit:
431 3567 529 3649 velut,
556 3574 591 3630 nt
619 3565 775 3648 exemplis
804 3585 845 3628 ex
866 3561 984 3647 Apulei
1005 3561 1095 3626 libris
1119 3562 1283 3646 decerptis
1306 3571 1446 3651 utamur,

286 3685 367 3750 quae
390 3667 514 3730 abhoc
538 3667 728 3749 quaestione
754 3685 821 3730 non
849 3665 955 3728 811888
985 3669 1066 3744 sunt,
1099 3661 1222 3726 formae
1252 3665 1448 3732 diversitate

283 3771 496 3832 secernuntur
517 3765 641 3828 densare
664 3771 697 3830 et
718 3765 837 3828 densere
866 3764 973 3828 Mund.
1002 3761 1072 3842 307,
1094 3761 1233 3827 inalbare
1254 3770 1288 3827 et
1308 3765 1446 3830 ebalbere
1472 3783 1476 3792 ·

283 3865 323 3932 Μ.
346 3861 401 3931 ΙΧ.
424 3865 495 3932 640.
517 3864 587 3929 VH.
610 3854 682 3929 445.
726 3863 828 3940 Quum
847 3883 925 3929 vero
949 3863 1033 3926 duae
1055 3860 1302 3928 terminationes
1324 3867 1367 3928 ad
1389 3887 1445 3930 ex-

284 3965 469 4048 primendas
497 3964 640 4029 notionis
673 3965 763 4029 vices
795 3963 975 4028 contrarias
1011 3961 1123 4043 paucis
1157 3966 1281 4026 tantum
1308 3985 1447 4032 numero

284 4065 392 4130 verbis
429 4065 689 4149 suppeditarent,
723 4085 792 4128 eam
827 4063 1049 4129 difficultatem
1075 4060 1121 4124 ita
1153 4063 1333 4128 sublevavit
1356 4067 1447 4152 Apu-

283 4162 375 4247 18188,
398 4172 433 4229 ut
453 4187 514 4249 pro
533 4185 593 4230 usu
615 4168 712 4246 atque
727 4163 860 4228 arbitrio
882 4165 1004 4246 passim
1026 4161 1158 4244 agentia
1178 4163 1280 4227 verba
1299 4158 1446 4232 1888188-

284 4264 348 4329 tius
375 4272 515 4347 poneret
540 4265 675 4330 notione
704 4269 828 4328 neutra.
877 4261 918 4329 M.
946 4263 971 4327 1.
992 4259 1034 4326 38
1056 4259 1137 4327 1181.
1160 4261 1220 4327 127
1242 4263 1380 4350 oblimare
1401 4270 1446 4334 A.

284 4364 393 4431 Mund.
416 4365 627 4430 2881)Ρ1.ΙΙ.
653 4365 712 4430 227
734 4363 876 4430 oblimare
898 4364 988 4429 Tert.
1012 4359 1112 4428 Solin.
1128 4361 1170 4428 Μ.
1191 4363 1217 4427 Ι.
1233 4361 1282 4429 59.
1306 4363 1364 4431 ΠΙ.
1381 4366 1448 4432 179

284 4465 412 4549 impiare
432 4463 537 4531 Plaut.
561 4463 637 4530 888.
657 4465 757 4551 Hipp.
774 4464 823 4528 11.
846 4462 896 4534 85.
910 4464 1008 4529 Prud.
1031 4464 1074 4529 M.
1091 4463 1132 4530 ΙΙ.
1161 4463 1222 4530 134
1242 4463 1389 4546 insectare
1410 4464 1446 4551 †.

284 4563 368 4642 tatii:
390 4563 574 4647 infestare.)
596 4563 636 4628 M.
653 4561 692 4632 V.
712 4563 784 4631 345.
800 4563 858 4629 XI.
877 4565 937 4631 788
952 4567 1100 4631 circatore
1120 4566 1224 4632 Plaut.
1244 4565 1287 4631 ib.
1303 4563 1360 4632 XI.
1378 4567 1442 4632 791
