3128 5300
148 1805 149 1808 Ἴ
198 1687 347 1822 Saepius
378 1732 508 1819 linguae
538 1735 765 1818 literarumque
791 1734 977 1798 Latinarum
1004 1735 1172 1800 historiam
1200 1739 1233 1800 et
1261 1735 1351 1800 flore-

196 1837 353 1904 scentium
366 1839 400 1898 et
411 1836 649 1900 senescentium
661 1834 721 1898 viri
734 1835 823 1898 docti
835 1839 1104 1918 comparaverunt
1115 1856 1185 1899 oum
1197 1834 1353 1900 humanae

196 1937 282 2006 vitae
316 1935 486 2000 aetatibus.
535 1934 605 2012 Qua
633 1936 665 1998 in
689 1935 930 2018 comparatione
964 1935 1026 1998 hoo
1060 1935 1156 2000 etiam
1188 1934 1353 2018 inprimis

199 2037 287 2102 soliti
304 2039 378 2100 suut
399 2053 557 2116 premere,
579 2039 615 2098 ut
634 2033 813 2098 mortalium
835 2053 930 2099 nemo
954 2036 1062 2100 statim
1085 2056 1104 2100 a
1125 2035 1245 2100 robore
1269 2032 1353 2097 virili

197 2137 239 2200 ad
261 2135 459 2218 decrepitam
489 2139 690 2202 senectutem
722 2135 949 2200 traduceretur
977 2157 1087 2200 verum
1109 2133 1268 2219 temporis
1289 2139 1353 2198 tar-

198 2237 290 2300 diore
312 2253 501 2318 progressu,
535 2233 759 2299 deficientibus
783 2236 932 2319 corporis
955 2236 1085 2314 viribus,
1114 2235 1234 2302 sensim
1255 2234 1354 2317 pede·

196 2337 374 2419 teutimque
404 2334 642 2416 debilitaretur,
683 2334 730 2398 sio
766 2333 908 2418 linguam
947 2355 1074 2420 quoque
1107 2335 1255 2400 Latinam
1288 2354 1355 2398 uon
1435 2332 1437 2335 ’

197 2437 293 2501 aliter
321 2431 395 2501 eise
424 2440 608 2518 corruptam
630 2433 692 2497 uisi
719 2433 894 2517 paullatim.
939 2434 1005 2500 Sed
1033 2457 1099 2501 nou
1120 2437 1266 2519 deerunt,
1290 2436 1355 2518 qul·

197 2537 258 2601 bus
284 2536 448 2600 literarum
462 2536 678 2620 linguaequae
700 2533 775 2598 inde
787 2535 827 2598 ab
842 2535 1002 2600 Hadriani
1016 2537 1217 2620 temporibus
1232 2534 1356 2600 ruinam

199 2623 490 2716 considerantibus,
512 2636 593 2699 haec
616 2635 713 2699 etiam
736 2637 946 2720 comparatio,
990 2636 1076 2720 quod
1101 2636 1141 2702 de
1166 2637 1251 2704 omui
1274 2637 1356 2702 simi·

116 2772 127 2784 r
197 2737 367 2800 litudinum
388 2749 511 2820 genere
532 2741 591 2816 est,
630 2734 813 2799 claudicare
836 2737 1006 2821 videbitur,
1037 2738 1134 2821 idque
1159 2737 1245 2800 iure:
1281 2756 1356 2800 nam

198 2858 265 2902 uon
286 2837 383 2901 facile
405 2835 569 2902 inueneris
592 2835 679 2899 aliud
707 2836 825 2900 aetatis
858 2842 1059 2920 momentum,
1093 2857 1157 2920 quo
1179 2837 1292 2921 lingua
1314 2836 1356 2900 ad

200 2938 440 3021 corruptionem
477 2954 580 3019 aeque
620 2935 757 3000 subitam
795 2955 833 3001 ac
865 2937 1077 3020 praecipitem
1118 2937 1162 3002 sit
1190 2936 1356 3020 prolapsa.

199 3042 307 3123 Atque
330 3038 370 3102 de
394 3036 519 3102 caussis
548 3035 791 3118 depravationis
817 3042 882 3100 tam
903 3038 1093 3121 repentinae
1111 3036 1273 3102 universis
1293 3035 1357 3100 hoc

199 3139 275 3203 loco
298 3137 399 3202 fusius
423 3155 580 3218 quaerere
604 3131 732 3200 omitto:
755 3137 965 3220 attingendae
980 3136 1073 3212 enim
1089 3142 1242 3201 suutnon
1256 3136 1357 3202 multo

200 3239 301 3303 infra:
330 3244 419 3302 certe
444 3241 477 3301 et
497 3235 562 3300 late
585 3240 701 3319 patent
727 3257 832 3320 neque
857 3237 987 3302 difficile
1009 3238 1212 3322 indagantur.
1255 3237 1359 3302 Multa

202 3339 307 3412 etiarn,
330 3337 385 3422 qui
406 3336 586 3420 linguarum
601 3337 830 3421 literarumque
852 3340 1029 3422 perlustrat
1049 3337 1219 3402 historiam
1232 3337 1357 3402 uuiver-

205 3459 281 3522 sam,
303 3460 369 3503 nou
392 3436 494 3502 solum
515 3437 548 3499 in
567 3427 796 3520 originibus'et
814 3438 1020 3504 incrementis
1036 3443 1069 3502 et
1084 3437 1225 3520 fastigiis
1247 3455 1359 3501 verum

204 3539 301 3602 etiam
322 3539 355 3603 iu
378 3535 650 3601 deminutionibus
673 3543 770 3620 atque
784 3537 894 3602 'ruinis
915 3537 1060 3622 reperiet
1082 3535 1209 3602 similia.
1243 3535 1358 3618 Neque

204 3658 244 3702 ea
264 3638 369 3704 literis
391 3642 514 3700 tantum
536 3636 720 3700 continetur
736 3637 925 3700 similitudo:
949 3637 1008 3702 sed
1024 3642 1208 3701 ceterarum
1231 3653 1359 3718 quoque

204 3737 318 3801 artium
345 3756 540 3820 progressus
572 3737 625 3800 val
652 3735 764 3818 lapsus
792 3736 877 3819 apud
905 3740 1021 3819 gentes
1050 3735 1196 3801 diversas
1226 3735 1361 3800 eosdem

205 3827 377 3919 carumque
400 3837 595 3901 mutationes
618 3835 735 3901 iisdem
757 3836 798 3899 de
821 3832 945 3901 caussis
971 3833 1140 3918 profectas
1162 3835 1242 3899 licet
1264 3834 1360 3898 auim-

205 3937 377 4001 advertere
393 3941 488 4018 atquc
505 3936 668 4000 adhibere.
706 3934 797 4002 Talis
812 3935 887 3998 mihi
903 3933 1020 3997 obtulit
1042 3953 1115 3999 sese
1139 3935 1360 4000 consideratio

206 4057 300 4120 quum
331 4035 485 4120 legissem
516 4035 552 4099 L.
581 4034 699 4118 Apulei
721 4034 1007 4118 metamorphoses,
1040 4053 1134 4118 quem
1165 4054 1231 4099 uon
1254 4052 1363 4098 senes·

207 4136 446 4221 centislinguae
455 4136 655 4218 scriptorem,
669 4135 797 4200 sedium
808 4135 904 4220 plane
914 4135 1025 4200 senilis
1032 4134 1133 4199 fuisse
1141 4132 1364 4198 contenderim

255 4299 258 4305 ,
479 4256 589 4301 verum
611 4237 727 4320 opinor
750 4235 941 4318 scriptorem
963 4240 1080 4318 tamen,

290 4333 336 4400 Ut
356 4335 515 4419 legendus
538 4336 588 4403 sit.

291 4435 404 4519 Neque
438 4438 521 4502 euim
542 4437 581 4520 is,
612 4435 665 4520 qui
696 4435 913 4520 grammaticis
948 4434 1063 4500 studiis
1096 4433 1225 4498 deditus
1258 4451 1362 4518 gram·

208 4535 347 4600 matioae
365 4537 557 4602 eruditionis
578 4536 884 4619 exercitationisque
903 4553 1019 4598 caussa
1033 4521 1088 4598 vel
1104 4534 1246 4598 fortasse
1266 4532 1363 4596 etiam

206 4637 383 4722 indagandi
410 4637 566 4721 quaedam
594 4634 700 4721 gratia
729 4636 922 4718 scriptorem
952 4635 1090 4719 aliquem
1114 4633 1176 4700 sibi
1202 4631 1296 4716 eligit
1321 4631 1364 4696 ad

1134 4748 1150 4804 l
