3128 5300
650 442 688 508 31

93 649 239 708 naturam
262 663 350 709 suam
375 661 498 708 comem
521 662 559 708 ac
572 642 721 708 festivam
744 645 913 724 animoque
929 662 999 706 curn
1013 641 1141 708 auribus
1155 639 1243 706 blan·

93 744 234 808 dientem
258 746 298 808 ab
321 745 488 827 eleganter
510 743 706 808 excultorum
728 744 889 808 hominum
902 748 1052 826 tanquam
1068 742 1242 808 severitate

93 851 188 927 atque
203 847 346 908 acumine
360 845 520 909 sentiendi
533 843 725 926 dicendique
737 850 870 928 remota,
884 849 957 907 sunt
965 844 1097 926 propria
1110 843 1244 926 vulgir).

94 943 159 1008 Sed
188 947 332 1028 quamvis
358 965 508 1009 numerus
531 965 649 1028 eorum,
685 965 766 1027 quae
784 945 845 1009 huc
867 949 1005 1026 vergant
1026 945 1074 1024 (ut
1093 945 1245 1007 summula

93 1046 217 1130 operula
241 1046 336 1128 offula
356 1045 508 1108 uxorcula
531 1041 605 1127 etc.)
629 1044 708 1108 satis
731 1065 863 1128 magnus
880 1044 932 1124 sit,'
952 1049 1060 1106 tamen
1080 1063 1145 1106 non
1159 1043 1244 1124 prin·

94 1145 199 1228 cipem
219 1144 260 1209 iis
281 1146 387 1210 locum
409 1145 572 1208 tribuerim
595 1145 680 1208 inter
700 1144 918 1228 proprietates
940 1143 1104 1226 vulgarem
1127 1164 1243 1208 sermo·

97 1265 168 1308 nem
191 1245 391 1310 redolentes,
428 1245 528 1309 Multo
553 1245 635 1308 enim
657 1245 760 1309 maior
781 1265 857 1327 pars
879 1264 943 1308 non
966 1243 1048 1307 hanc
1070 1243 1246 1308 naturalem

95 1364 133 1408 ex
154 1345 267 1409 indole
295 1347 382 1429 vulgi
415 1346 596 1429 profectam
628 1345 748 1409 habere
772 1345 937 1428 originem,
975 1343 1033 1408 sed
1059 1345 1245 1408 revocanda

96 1444 224 1508 videtur
244 1446 285 1508 ad
309 1445 396 1509 illam
418 1445 601 1509 artefioiose
625 1446 803 1528 exquisitae
827 1450 922 1527 atque
945 1443 1253 1526 exacutae-cratim

94 1545 141 1609 nis
164 1567 259 1628 quum
280 1545 475 1609 ludibundae
498 1551 563 1609 tum
584 1545 779 1611 libidinosae
801 1545 892 1625 quasi
913 1542 1097 1608 titillantem
1116 1543 1243 1608 affecta·

94 1646 223 1709 tionem.

172 1746 236 1812 Est
263 1751 367 1810 autem
400 1746 462 1809 hoc
483 1745 515 1808 in
538 1747 689 1810 universa
716 1744 856 1828 vulgaris
890 1745 1054 1809 cuiusdam
1087 1747 1245 1810 sermonis

96 1846 302 1927 inquisitione
325 1867 468 1920 summae¹
485 1847 654 1930 gravitatis
676 1847 709 1908 in
731 1845 904 1928 primisque
924 1846 1142 1928 spectandum,
1160 1848 1246 1929 qnod

96 1947 260 2028 Apuleius,
290 1967 381 2028 quum
405 1944 495 2009 leves
519 1966 555 2008 ao
579 1947 728 2011 sordidas
750 1966 803 2010 res
830 1950 985 2008 tractaret
1012 1945 1172 2028 intimique
1196 1969 1244 2010 or·

100 2047 178 2111 dinis
201 2067 362 2129 personas
384 2044 554 2108 induceret
575 2047 755 2129 loquenten,
778 2067 843 2109 non
865 2045 898 2108 id
920 2045 995 2127 egit,
1016 2051 1051 2108 ut
1071 2065 1177 2109 rerum
1191 2046 1245 2110 ho-

100 2146 275 2228 minumque
303 2151 368 2208 tum
396 2165 516 2208 morum
548 2153 613 2209 tum
642 2165 823 2210 sermonum
858 2144 1053 2225 exprimeret
1078 2146 1245 2233 veritatem

100 2248 269 2326 quandam:
302 2245 361 2308 sed
383 2265 510 2328 semper
535 2247 607 2328 ipse
631 2247 689 2310 sub
712 2245 855 2309 ridiculis
885 2245 956 2308 istis
979 2247 1129 2326 personis
1157 2246 1245 2321 latet,

100 2345 269 2429 legentium
289 2352 475 2428 captaturos
497 2347 580 2412 risus
604 2353 658 2410 aut
681 2345 923 2409 admirationem
945 2344 1176 2408 rhetoricarum
1197 2367 1244 2408 ar-

101 2445 169 2507 tium
192 2453 226 2509 et
249 2445 497 2528 sophisticarum
520 2447 713 2530 argutiarum
743 2445 1006 2528 splendidissimo
1029 2453 1163 2528 sumpta.
1183 2445 1246 2508 lta·
1311 2481 1313 2486 ,

33 2605 34 2608 ,
106 2565 158 2625 que
180 2566 248 2608 non
265 2545 406 2627 eosdem,
430 2567 510 2628 quos
526 2548 610 2628 apud
625 2545 820 2627 Petronium,
845 2545 1024 2609 orationem
1038 2566 1246 2628 personarum

103 2651 227 2708 nanae
242 2645 670 2727 accomodantem,inrenies
682 2646 894 2711 soloecismos
907 2650 940 2708 et
952 2645 1132 2710 idiotismos
1143 2653 1246 2711 etser-

105 2745 196 2809 nonis
209 2765 314 2827 genus
327 2745 406 2808 rude
422 2751 454 2808 et
470 2746 667 2809 inconditum
686 2746 824 2827 indeque
839 2743 1016 2809 ridiculum.
1042 2746 1127 2809 Tota
1143 2749 1247 2811 oratio

106 2845 201 2922 potins
218 2863 259 2906 ea
274 2852 324 2908 est
340 2863 441 2927 eaque
454 2845 521 2908 vult
532 2846 667 2927 percipi,
682 2866 762 2929 quae
775 2867 839 2909 non
851 2844 1005 2907 factarum
1017 2866 1122 2909 rernm
1134 2848 1250 2910 seriam

109 2945 157 3006 sed
167 2945 310 3008 fictarum
321 2943 476 3007 ludicram
485 2965 564 3026 prae
578 2965 612 3009 se
625 2946 866 3028 feratspeciem.
889 2944 963 3009 Sive
974 2946 1072 3028 igitur
1083 2946 1248 3011 deisaoer-

110 3043 264 3128 dotesque,
289 3045 356 3109 sive
368 3043 512 3110 latrones
527 3051 560 3108 et
574 3046 704 3110 bubulci
716 3047 887 3129 loquentes
902 3045 1107 3109 inducuntur:
1130 3047 1249 3110 tumide

110 3141 266 3224 loquuntur
287 3165 352 3207 non
374 3144 476 3208 minus
497 3146 529 3208 hi
546 3166 637 3226 quam
654 3145 701 3208 illi
717 3153 751 3210 et
764 3166 896 3228 prorsus
912 3151 947 3208 ut
960 3146 1118 3210 rhetores.
1131 3148 1169 3211 ln
1187 3169 1249 3232 quo

112 3242 172 3305 nili
200 3264 330 3325 semper
355 3245 490 3307 maxime
518 3247 734 3309 memorabilis
761 3245 832 3310 visa
854 3251 904 3310 est
931 3245 988 3308 illa
1010 3247 1126 3309 servuli
1150 3247 1249 3312 cuius·

115 3341 172 3404 dam
197 3345 237 3406 de
267 3343 416 3408 Charites
449 3346 516 3409 fato
547 3347 689 3410 narratio
715 3347 756 3411 M.
779 3345 945 3411 11111505
968 3365 1025 3428 sq,
1061 3367 1153 3429 quam
1181 3366 1251 3411 eum

46 3509 49 3522 Q
116 3451 208 3521 aperte
232 3445 333 3508 vellet
353 3445 515 3528 loquentis
544 3447 699 3529 adaptare
721 3446 863 3528 ingenio,
891 3446 1056 3530 insignivit
1077 3447 1250 3530 intersper-

118 3541 203 3624 sitque
226 3544 380 3608 dictionis
403 3545 495 3610 laxae
519 3567 556 3609 aa
575 3546 664 3611 rudis
683 3553 778 3629 atque
795 3546 1029 3628 incompositae
1045 3548 1140 3612 notis.
1162 3549 1253 3614 Inter

121 3637 163 3705 las
181 3644 277 3732 igitur
298 3665 430 3710 nurnero
452 3646 678 3712 allocutionem
698 3647 760 3709 iam
782 3647 884 3728 ipsam
907 3653 940 3710 et
962 3653 1085 3712 cetera:
1129 3650 1252 3734 Equa'so·

120 3759 157 3802 ner
174 3746 368 3829 opilaoneeque
389 3757 415 3810 et
435 3747 613 3833 bubeequne,
645 3747 703 3829 furt
727 3745 845 3810 Cleareta
871 3745 954 3808 nobis
981 3767 1070 3830 quam
1092 3749 1204 3813 misella
1227 3760 1254 3812 et

121 3842 213 3920 quidem
234 3866 308 3907 cusu
327 3849 505 3930 praeustae
526 3868 580 3912 uec
600 3866 668 3908 nero
690 3845 864 3909 incomitata
885 3843 991 3908 Manes
1013 3847 1111 3912 adnuat.
1135 3848 1251 3914 15507

125 3936 389 4022 transiuerant
408 3948 495 4030 flama
517 3946 638 4010 dicebat.
661 3947 704 4012 ib.
722 3945 784 4010 510
809 3944 939 4021 Quidni!
959 3967 1026 4010 cum
1044 3949 1167 4034 flamma
1189 3954 1251 4015 eto.

125 4035 169 4102 512
190 4043 318 4127 Spectata
337 4046 473 4130 denique,
494 4047 561 4124 sed,
584 4068 645 4121 oro,
662 4046 794 4110 sollicitis
815 4047 924 4110 anemis
944 4047 1091 4125 intendite,
1112 4069 1254 4134 quorsum

127 4143 171 4206 eto.
191 4144 262 4211 ibid.
285 4157 423 4209 venatum
444 4147 563 4229 petebat
585 4197 591 4210 .
615 4195 622 4211 .
644 4147 843 4230 andaqaturus
866 4148 955 4230 feras.
1002 4146 1083 4222 Ouid
1103 4160 1200 4213 tamen
1220 4151 1252 4229 in

129 4245 217 4320 cunas
233 4246 361 4328 feritatis
376 4247 436 4309 esti
468 4247 528 4310 Nec
542 4252 620 4311 enirn
636 4246 755 4311 Charite
768 4249 912 4310 maritum
937 4268 1026 4310 suum
1047 4269 1186 4333 quaerere
1194 4272 1252 4335 pa-

130 4337 230 4406 tiebatur
242 4345 346 4408 bestrae
370 4361 503 4410 armatas
526 4348 608 4410 dente
629 4349 675 4410 vel
694 4368 797 4410 cornu.
817 4347 879 4412 515
900 4369 973 4432 aper
993 4349 1160 4413 rnusr'tatus.
1180 4352 1251 4416 517.

135 4433 194 4508 Quin
213 4447 290 4509 onus
308 4446 541 4530 e'udrpr'scr‘mur?
560 4460 586 4510 rt
608 4470 680 4533 cape
702 4448 879 4512 venablum
899 4459 925 4512 et
946 4470 996 4532 epo
1010 4471 1095 4514 sumo
1110 4451 1251 4514 lanceam.
1283 4493 1288 4504 ·

180 4573 202 4636 'l
218 4576 291 4643 Quae
314 4579 348 4630 de
371 4594 401 4629 re
424 4577 460 4632 ci.
483 4595 553 4648 quae
576 4581 688 4648 egregie
711 4578 864 4649 disputavit
883 4577 917 4633 G.
934 4578 1047 4636 Mulier:
1065 4584 1108 4636 De
1126 4581 1255 4650 Linguae

138 4645 226 4711 Latinae
242 4659 434 4718 Deminutivis.
468 4661 543 4718 Dies,
562 4663 668 4731 Regim.
692 4664 754 4720 1855
770 4679 816 4738 pg.
837 4663 873 4717 19.
