3068 5310
684 435 742 510 129

132 603 244 732 spiritu
259 643 400 710 dese'dero.
414 643 458 711 ib.
472 644 515 711 Π.
532 646 591 712 118
606 665 724 708 arcana
735 645 869 728 sutorum
884 642 1008 728 stipibus
1022 641 1181 708 emerendis
1190 641 1290 708 *edumei

131 749 166 809 iu
193 746 308 830 culpus.
342 744 495 810 111434
521 765 574 809 uec
593 761 717 809 manum
744 745 879 808 ualidum
908 744 1075 827 eropondae
1097 745 1171 830 stipi
1186 748 1286 828 porri·

129 857 219 927 peret.
250 845 308 912 Ill.
336 845 396 910 198
418 844 515 910 lorum
538 895 545 910 .
568 889 575 906 .
599 864 682 928 quem
704 842 762 908 trlri
784 843 985 908 verberandae
1005 843 1169 908 destinasti.
1199 845 1287 911 ulos.

131 943 192 1010 IV.
208 945 265 1008 101
277 945 423 1026 fruticem,
438 964 521 1028 quem
535 943 717 1007 uerberando
737 964 809 1028 equo
828 953 952 1029 pectant.
971 940 1011 1008 M.
1023 941 1081 1007 XI.
1095 945 1156 1009 780
1169 944 1288 1028 tependo

130 1043 212 1108 meisi
230 1045 350 1108 linteum
372 1043 612 1111 contumel
636 1048 724 1111 oneri
740 1047 860 1131 suendo
884 1067 946 1110 nom
971 1044 1124 1110 imitabiles.
1145 1043 1205 1110 XI.
1227 1041 1301 1110 806'

125 1143 265 1228 fovendis
286 1143 463 1208 mortalibus
484 1145 634 1238 mirnipicu.
656 1147 699 1212 Il.
722 1148 782 1212 161
803 1147 922 1212 utr'num
942 1144 1059 1232 aliquid
1078 1143 1236 1229 laetificum
1257 1195 1289 1210 ..

129 1243 309 1307 honorando
332 1243 384 1306 ‹leo
406 1245 650 1310 comminamus.
672 1245 746 1317 VII.
768 1245 830 1312 419
853 1247 969 1331 delepar
990 1246 1068 1310 euim
1090 1244 1170 1327 11333
1191 1257 1289 1310 moute

131 1343 311 1407 devetando.
329 1343 420 1408 VIII.
443 1344 503 1410 601
522 1344 658 1412 nubendo
680 1349 874 1412 maturuisset
895 1351 969 1412 eta:
993 1363 1076 1430 quae
1100 1343 1207 1408 omnia
1225 1345 1288 1408 iam

129 1444 163 1506 in
190 1463 280 1508 usum
304 1449 480 1527 argenteae
505 1444 675 1512 latinitatis
698 1446 891 1530 scriptorum
912 1445 1068 1510 abierunt.
1111 1443 1162 1507 Ex
1184 1443 1288 1509 311333

132 1540 284 1626 3133331)
315 1542 563 1626 conquisivimus
594 1545 676 1610 hacc
709 1547 856 1630 exempla
881 1545 960 1611 satis
988 1545 1103 1609 multa:
1130 1543 1172 1608 M.
1200 1545 1226 1608 I.
1248 1545 1288 1610 23

127 1643 210 1728 quod
228 1643 364 1726 inpressu
374 1641 510 1726 primum
528 1643 621 1726 fuerit
640 1643 799 1712 stulmlum.
819 1647 862 1712 ib.
877 1647 916 1712 31
939 1645 1073 1719 lavaero,
1093 1643 1172 1728 quod
1184 1646 1292 1708 unctui
1321 1653 1323 1660 ’

130 1743 213 1828 quod
223 1744 319 1807 tersui
337 1743 399 1826 epse
414 1744 637 1826 praecienistro.
657 1745 701 1811 ib.
712 1745 753 1810 13
762 1755 797 1809 ut
805 1747 896 1830 prius
910 1744 1026 1830 alequid
1044 1745 1157 1808 cibatui
1169 1747 1289 1830 prospi-

127 1864 235 1906 cerem.
257 1841 315 1908 IX.
328 1841 390 1906 600
411 1841 527 1927 aliquid
546 1842 660 1908 ce'latui
672 1843 810 1929 parabis
831 1845 857 1911 1.
876 1845 917 1910 12
938 1845 1032 1909 oleum
1054 1845 1162 1908 cinctui
1179 1853 1206 1907 et
1229 1844 1285 1908 lin-

128 1954 179 2004 133
202 1944 297 2005 tersui
315 1953 341 2004 et
362 1951 457 2004 cetera
478 1941 548 2006 laic
567 1929 659 2007 iidem
679 1944 752 2008 usui
769 1945 875 2029 profer
888 1946 986 2011 ociter.
1023 1944 1064 2008 V.
1086 1943 1149 2006 324
1168 1941 1291 2024 refectui

126 2063 187 2106 suo
207 2093 215 2107 .
236 2042 412 2107 .uocumbit.
432 2042 521 2108 VIII.
538 2043 599 2108 557
614 2045 739 2126 refectui
751 2045 892 2129 paullum
915 2046 1124 2130 conquiescere.
1140 2040 1213 2106 VII.
1226 2039 1289 2106 460

128 2143 251 2207 nullum
266 2145 384 2226 uspiam
394 2162 486 2226 pecus
498 2142 685 2226 sacrificatui
694 2165 731 2207 ac
742 2165 780 2208 me
790 2165 894 2208 oenum
908 2143 1023 2229 quidem
1032 2143 1155 2227 potatui
1170 2141 1287 2224 affatim
1340 2157 1342 2160 ·

126 2292 134 2304 .
152 2295 158 2308 .
175 2242 323 2306 latemus.
335 2233 563 2326 1Χ.’59833333
568 2242 682 2326 peluem
693 2244 836 2328 referrent
841 2245 932 2327 potui
939 2264 1011 2308 meo.
1026 2241 1113 2307 Flor.
1121 2240 1146 2306 l.
1154 2241 1183 2306 9.
1196 2241 1287 2325 qnod·

125 2363 245 2426 mamque
266 2343 520 2407 esaianimutum.
539 2341 782 2414 163211363631
803 2342 1194 2407 indutui·cinctui-amictui.
1223 2342 1285 2423 Ap.

123 2442 193 2506 436
215 2441 305 2504 Levia
326 2441 481 2514 sustentui,
507 2443 614 2526 333313
638 2443 792 2509 demusui.
826 2443 870 2508 ib.
898 2442 960 2507 392
982 2441 1090 2525 petisse
1110 2461 1176 2503 eum
1198 2464 1217 2502 a
1242 2461 1288 2503 ene

124 2535 247 2624 ‹iliquid
265 2542 361 2604 tersui
382 2541 524 2605 dentibus.
546 2541 590 2607 ib.
613 2542 675 2608 518
696 2543 755 2607 le'rei
772 2564 852 2627 sepes
874 2593 881 2606 .
905 2591 913 2607 .
935 2562 995 2604 nom
1017 2539 1103 2602 ¹inodo
1124 2538 1249 2602 indutui
1261 2550 1288 2601 et

124 2640 256 2702 amictui
273 2640 468 2704 sanctissimis
489 2641 700 2726 Aepyptiorurn
721 2641 937 2716 sacerdotibus,
964 2640 1016 2704 secl
1036 2638 1156 2723 opertui
1173 2659 1287 2724 quoque

122 2738 217 2802 rebus
237 2742 335 2803 saeris
355 2750 533 2824 usurpatur.
575 2741 614 2804 In
636 2741 793 2825 exemplis
809 2747 955 2806 extremo
980 2741 1054 2804 loco
1078 2739 1184 2804 allatis
1205 2739 1286 2803 dati·
1313 2785 1315 2792 .

122 2858 239 2902 vorum
260 2839 388 2903 ratione
411 2838 531 2922 duplici
558 2841 734 2905 relatorum
760 2841 931 2907 molestior
957 2846 1009 2905 331
1037 2859 1223 2905 concursus.
1246 2875 1286 2886 —

123 2937 198 3002 Iam
218 2939 272 3004 ille
289 2939 432 3022 Ι(1311333,
451 2939 504 3021 qui
526 2941 662 3023 genitivi
676 2941 803 3008 vicibus
826 2940 915 3022 iungi
935 2939 1072 3019 videtur,
1088 2938 1216 3004 minime
1233 2945 1288 3003 aut

120 3037 315 3120 infrequens
337 3045 389 3104 331
410 3046 465 3104 331
486 3046 611 3104 333313
625 3059 738 3106 norma
754 3040 890 3121 3113333,
908 3039 1012 3123 qualis
1033 3036 1074 3107 M.
1088 3040 1114 3105 I.
1136 3039 1178 3104 50
1202 3040 1284 3104 dam·

120 3147 217 3200 natue
236 3139 298 3200 ium
319 3140 405 3202 eruci
423 3139 611 3205 canticum.
632 3139 691 3207 IX.
705 3141 766 3206 621
782 3139 924 3205 medelam
934 3139 1088 3202 eumaem·
1099 3139 1285 3223 deprecatur.

124 3237 284 3302 1111611
309 3237 468 3301 caotinuos
488 3239 749 3304 circumstantibus
769 3240 910 3305 mouebat.
932 3238 976 3304 II.
989 3238 1030 3304 93
1051 3239 1109 3304 His
1130 3239 1213 3303 oculi
1230 3242 1283 3304 mi·

121 3347 250 3402 nentur.
270 3339 305 3404 V.
327 3339 390 3404 380
414 3336 522 3414 Quod.
540 3385 547 3402 .
562 3339 616 3404 isti
633 3340 762 3405 crimen:
790 3339 832 3402 ad
858 3357 953 3422 quem
980 3339 1125 3421 proxime
1156 3340 1286 3404 accedit

123 3437 265 3520 dativus,
288 3458 383 3521 quem
402 3444 522 3503 vocant
542 3439 732 3503 familiarum
753 3435 794 3505 M.
815 3437 906 3503 VIII.
927 3436 999 3503 540.
1020 3433 1145 3504 11322
1165 3437 1253 3503 Ν33.
1276 3489 1284 3503 .

122 3536 239 3620 recales
264 3538 321 3601 titi
342 3537 445 3623 epulae
469 3538 669 3603 morabuntur
696 3546 758 3604 313.
801 3536 942 3602 Restant
970 3535 1109 3618 deniquo
1129 3539 1285 3604 nonnulla

122 3637 235 3720 verba,
263 3657 346 3720 quae
369 3643 485 3702 333133
512 3637 653 3721 optimae
682 3637 839 3704 orationis
861 3636 991 3701 solitum
1011 3657 1103 3702 usum
1124 3637 1207 3702 huuc
1231 3659 1283 3703 oa·
1393 3637 1396 3644 '

15 3739 18 3764 ¹
123 3757 195 3801 sum
223 3737 416 3820 adsciscunt,
451 3737 734 3804 331311133111.
762 3737 803 3803 10
829 3736 928 3800 deceat
942 3734 1121 3821 philosopho
1145 3739 1229 3820 quod
1250 3739 1284 3801 iu

121 3836 236 3918 primis
257 3835 375 3900 Plauto
403 3837 560 3902 familiare
589 3843 654 3920 est;
689 3837 806 3902 deiude
840 3833 923 3901 DSr.
953 3835 1024 3903 122.
1047 3837 1116 3902 133.
1137 3838 1200 3918 Ap.
1222 3837 1284 3902 413

121 3956 235 3998 curare
251 3935 427 4018 homenibus,
450 3937 589 4021 antiquis
602 3935 694 4022 (Aoo.
709 3935 831 4019 Plaut.)
852 3939 976 4000 tautum
998 3940 1032 3999 31
1051 3934 1283 4000 recentissimis

121 4035 276 4100 usitatum
298 4039 359 4100 est.
395 4035 562 4101 Facillime
574 4036 757 4120 explicatur
772 4036 816 4103 M.
828 4033 888 4102 IX.
902 4035 963 4101 663
973 4053 1169 4120 propupmare
1188 4035 1287 4118 fratri

121 4133 253 4220 (Amm.)
275 4139 309 4199 31
329 4131 369 4202 Μ.
392 4135 467 4201 VH.
488 4135 551 4200 500
572 4153 767 4221 propupuare
787 4135 915 4219 pedibus
944 4141 975 4198 et
1000 4153 1103 4196 arcere
1135 4133 1284 4199 morsibus

121 4236 235 4300 entello
253 4254 363 4320 murm
390 4241 498 4300 tamen
526 4235 596 4300 sine
623 4234 771 4317 exemplo
801 4232 1182 4300 (1131313331113311.
1206 4234 1283 4298 100:

122 4335 213 4400 llrlsce
232 4337 325 4420 ipitur
345 4336 538 4399 moramentis
559 4334 696 4399 omns'lus
723 4336 778 4420 qui
795 4333 899 4398 uolunt
921 4331 1060 4396 deuitare.
1103 4333 1284 4398 luauditum

122 4441 175 4500 331
197 4433 293 4498 ctiam
312 4429 353 4500 M.
380 4435 470 4500 Vlll.
492 4434 554 4500 009
576 4436 699 4519 suturae
725 4433 822 4498 soboli
842 4453 988 4497 nouorum
1009 4433 1188 4498 maritorum
1207 4453 1282 4516 pau·

192 4565 280 4634 1)1)3
303 4581 359 4636 qua
380 4565 415 4617 cl.
436 4563 662 4635 Reisslg·Haase
686 4567 883 4635 Vorlesungsn
906 4563 1283 4636 13331316333313313333-

120 4649 223 4704 schalt.
243 4650 315 4744 Anps
343 4647 399 4702 aas.

1055 4748 1083 4801 11
