3068 5310
817 429 857 494 98

265 630 378 697 omibus
398 628 444 695 uel
460 627 576 696 casabus
596 628 736 695 comibus.
758 626 798 694 n.
820 629 910 695 VIII.
925 627 995 698 555.
1021 617 1081 717 pao
1100 630 1286 716 potissimum
1300 649 1417 698 caune·

264 753 331 799 mus
353 731 443 814 clade,
460 733 593 797 cominus
620 753 726 797 canum
746 753 786 794 an
812 733 926 795 eminus
945 731 1087 817 lapidum.
1108 732 1165 799 IV.
1181 732 1241 797 236
1259 753 1362 798 nos..
1385 734 1419 796 in

257 843 384 920 pratum
400 835 579 918 prous‘num
595 835 710 917 passim
732 832 821 895 libero
838 834 947 916 pastui
964 831 1113 896 tradidere
1133 833 1186 897 vel
1206 831 1292 896 Flos.
1303 832 1364 896 111.
1378 833 1419 898 65
1530 837 1531 854 ’

264 937 330 999 cocu
352 956 413 998 non
433 935 515 1016 infra
534 955 650 997 soccum
679 939 740 997 eto.
773 933 840 996 iure
870 933 1065 996 omittuntur.
1118 932 1312 1016 Vulgariora
1341 937 1421 997 eunt

265 1035 360 1099 etiam
385 1034 426 1101 M.
447 1034 596 1100 Χ1.184;
630 1045 690 1099 tam
714 1034 904 1119 praeclarum
931 1033 965 1096 de
992 1032 1068 1095 coelo
1089 1033 1303 1116 patrocinium.
1334 1034 1419 1099 Asc.

263 1134 325 1200 325
352 1135 548 1198 convertimus
561 1153 615 1197 nos
630 1135 671 1196 od
678 1153 792 1218 puram
808 1143 834 1196 et
847 1134 910 1196 sine
924 1132 1102 1197 animalibus
1124 1153 1251 1198 coenam.
1274 1135 1319 1196 At
1333 1134 1419 1198 haec

263 1233 423 1299 brevitate
445 1233 542 1296 nimia
563 1239 683 1320 eontra*
701 1233 821 1296 latinae
853 1233 980 1318 linguae
1010 1233 1215 1297 severitatem
1242 1253 1281 1296 aa
1303 1253 1418 1298 seeun-

265 1334 338 1397 dum
354 1331 499 1397 Graecae
520 1332 700 1398 libertatem
727 1334 922 1399 dictasunt:
945 1331 1024 1397 DSr.
1048 1333 1108 1398 144
1139 1345 1261 1395 emortus
1282 1343 1420 1396 tarmus

265 1444 293 1497 et
313 1443 393 1497 retro
426 1433 562 1516 desluuus
589 1435 621 1496 in
650 1444 756 1496 terras.
798 1434 859 1516 Ap.
882 1434 943 1498 423
964 1435 1027 1497 sine
1046 1433 1108 1495 ullo
1126 1431 1202 1514 soris
1223 1431 1417 1495 adminiculo.

262 1531 302 1597 M.
330 1533 387 1599 XI.
413 1533 472 1598 778
500 1535 585 1596 miris
611 1536 793 1596 eutnnsecus
819 1534 989 1597 simulacris
1019 1533 1075 1614 (cl.
1106 1532 1195 1596 Tert.
1222 1529 1353 1614 DSpect
1383 1536 1417 1598 1:

264 1633 380 1697 solatia
405 1632 605 1697 extrinsecus
636 1634 799 1697 oculorum
831 1639 865 1698 et
891 1631 1032 1718 aurium).
1077 1628 1272 1697 111.ΧΙ.199
1297 1643 1418 1696 renatos

265 1731 306 1795 ud
325 1753 420 1796 novae
440 1751 580 1816 reponere
595 1753 703 1795 rursus
717 1734 823 1796 salutis
843 1733 995 1797 curricula
1019 1732 1224 1814 (TertApol.
1245 1733 1285 1797 48
1306 1751 1418 1797 rursus

262 1831 480 1916 resurrectio).
523 1832 585 1914 Ap.
606 1831 668 1897 550
685 1833 738 1896 illa
759 1844 821 1897 tum
840 1833 927 1916 foeda
948 1833 1045 1897 animi
1059 1833 1193 1895 mutatio.
1217 1831 1258 1898 M.
1273 1832 1332 1896 III.
1353 1832 1418 1896 223

261 1929 384 1994 Milonis
405 1931 553 2016 quondam
574 1931 697 2016 bospilis
718 1935 782 1998 mei.
815 1933 871 1998 IX.
887 1934 949 1998 622
972 1933 1042 1997 mer's
1063 1931 1224 2016 aliquando
1245 1930 1416 1995 luminibus.

262 2029 352 2095 VIII.
372 2030 434 2094 562
457 2042 668 2096 monstrantem
683 2032 774 2114 debito
794 2053 854 2094 non
866 2033 948 2115 lanpe
965 2032 1095 2115 frutices.
1118 2031 1274 2096 aioalv.
1295 2031 1336 2096 86
1355 2051 1419 2094 aaa

248 2151 326 2194 mea
352 2131 500 2215 utrimque
521 2131 624 2213 lirtpua
650 2134 711 2195 rbm
732 2134 836 2195 uestris
857 2133 981 2195 auribus
1003 2178 1009 2193 .
1033 2180 1039 2193 .
1057 2130 1151 2215 probe
1173 2135 1300 2214 capuita.
1336 2130 1416 2194 For·

262 2235 352 2294 tasse
375 2229 472 2292 etiam
492 2232 571 2296 illud
587 2232 744 2298 11155111.
758 2233 797 2296 77
823 2241 938 2317 totoque
959 2230 1065 2294 abbane
1086 2231 1154 2295 arbe
1174 2241 1290 2316 totaque
1310 2229 1419 2293 abbinc
1531 2219 1532 2268 1

261 2339 390 2413 tempore
419 2330 478 2393 huc
506 2331 710 2395 referendum
735 2339 793 2396 est.
841 2331 955 2394 Verum
982 2332 1062 2394 haec
1088 2332 1225 2395 maxima
1253 2351 1294 2395 ex
1320 2337 1416 2412 parte

261 2429 416 2511 temporis
449 2429 604 2493 adverbia
634 2437 706 2496 sunt
733 2431 903 2494 adinstar
934 2432 1153 2514 appositorum
1181 2437 1335 2514 usurpata
1360 2431 1416 2494 vel

230 2583 235 2596 .
261 2529 369 2610 potius
397 2529 567 2594 collocata.
616 2529 710 2608 Quod
742 2531 995 2596 Hildebrandius
1015 2531 1100 2594 'haio
1128 2531 1224 2595 classi
1248 2530 1416 2594 intrudere

261 2629 364 2693 voluit
390 2627 451 2711 Ap.
482 2631 560 2696 456:
591 2630 626 2692 de
656 2631 733 2712 falso
764 2631 876 2694 rboidrb
908 2632 996 2716 deque
1022 2632 1150 2716 epistolis
1183 2631 1315 2696 mulieris
1349 2636 1414 2696 etc.

261 2750 337 2812 pro:
360 2730 445 2796 falsa
466 2729 596 2805 invidia,
621 2729 750 2794 multum
773 2733 814 2796 ab
835 2732 899 2794 illis
922 2732 1020 2796 distat
1049 2737 1082 2796 et
1104 2731 1247 2814 quamvis
1267 2732 1416 2796 codicum

263 2831 455 2894 auctoritate
482 2830 610 2912 nitatur,
637 2830 745 2914 potius
772 2831 949 2894 habendum
979 2837 1028 2896 est
1050 2831 1228 2913 scripturae
1256 2832 1415 2898 mendum.

261 2921 414 2996 Nonnulli
442 2929 647 2994 falsoinvidia
672 2930 803 2993 iunctim
831 2931 1038 3012 seripserunt,
1061 2950 1100 2994 eo
1125 2932 1296 2996 lectionem
1321 2934 1416 2997 susti-

261 3032 330 3095 neri
350 3051 450 3114 posse
472 3031 542 3095 rati.
578 3029 643 3093 Sed
664 3031 727 3093 iam
749 3030 958 3096 casaubonus
980 3032 1048 3095 iure
1072 3030 1229 3095 correxit:
1259 3031 1300 3095 de
1328 3031 1417 3096 falsa

261 3131 391 3196 invidia.
434 3130 553 3195 Verum
574 3130 635 3194 iam
657 3137 846 3211 revertatur,
868 3132 952 3194 uude
977 3131 1124 3216 digressa
1146 3142 1196 3195 est
1216 3132 1330 3197 oratio.

344 3230 393 3294 le
415 3230 576 3294 adverbiis
597 3231 704 3314 igitur,
720 3251 801 3313 quae
824 3251 843 3294 a
863 3232 1103 3314 pronominibus
1128 3231 1416 3313 pronominalibus·

262 3349 323 3413 que
353 3331 485 3396 vocibus
516 3330 662 3393 derivata
696 3337 782 3410 sunt,
819 3351 918 3414 porro
947 3333 1147 3397 desumamus
1179 3351 1284 3414 pauca
1311 3331 1417 3395 adhuc

261 3429 421 3512 neglecta.
464 3431 606 3495 ceterum
636 3432 828 3496 recentioris
860 3438 981 3495 tantam
1010 3433 1126 3498 aetatis
1155 3432 1289 3515 propria
1316 3431 1417 3514 signi-

260 3528 411 3593 ficatione
447 3529 556 3612 qnasi:
584 3529 735 3612 alioquin,
757 3531 878 3614 passim
898 3531 1050 3614 varieque
1077 3552 1153 3597 usus
1176 3539 1227 3596 est
1248 3531 1416 3613 Apuleiae,
1532 3523 1533 3532 ¹

261 3634 296 3690 ut
316 3627 357 3692 M.
365 3627 404 3691 V.
420 3628 479 3693 328
504 3630 636 3694 Ceterum
654 3631 709 3694 libi
732 3651 879 3695 summum
907 3631 1019 3694 creabis
1047 3633 1170 3695 exitium
1194 3634 1254 3712 (se.
1274 3632 1300 3696 si
1316 3630 1415 3694 al'ter

261 3723 369 3812 sacis.)
391 3727 433 3791 ib.
448 3728 518 3793 355.
543 3730 703 3795 viliaco
727 3729 858 3794 Ceterum
874 3731 906 3809 (i.
923 3750 949 3796 e.
964 3730 996 3792 ni
1013 3730 1107 3794 aliter
1122 3728 1298 3815 evenisset)
1313 3731 1418 3794 titiane

261 3826 416 3890 delirantis
436 3826 555 3891 Altheae
574 3829 721 3914 Meleaper
742 3833 845 3893 asinus
865 3831 1019 3894 intuisset.
1046 3830 1108 3912 Ap.
1130 3831 1192 3894 494
1216 3829 1348 3894 Ceterum
1370 3854 1418 3896 me

261 3930 353 3991 etiam
383 3925 517 4011 ueneficii
547 3948 630 3993 reum
670 3923 870 4014 postularent
891 3935 952 3995 eto.
1009 3965 1050 3974 -—
1109 3933 1239 3996 Tantum
1272 3932 1418 4014 graviter

262 4025 462 4090 adhortantis
485 4032 536 4090 est
556 4028 598 4093 M.
624 4029 665 4094 V.
687 4029 747 4094 329
773 4039 888 4092 tantum
915 4033 1090 4112 memineris,
1118 4031 1225 4113 quasi:
1257 4031 1353 4095 modo
1379 4039 1419 4097 ut

261 4125 457 4209 memineris,
479 4132 514 4191 ut
536 4125 593 4192 Ov.
617 4127 716 4193 Trist.
738 4129 804 4193 I.1.
820 4130 894 4195 101:
916 4134 1093 4193 tantumne
1115 4150 1246 4196 noceas.
1288 4131 1415 4197 Deinde

260 4224 404 4288 notanda
426 4230 477 4289 est
497 4225 633 4290 locutio:
655 4231 777 4291 tautum
799 4231 884 4312 quod
903 4230 923 4295 i.
940 4249 967 4292 e.
982 4235 1208 4312 praeterquam
1231 4232 1318 4313 quod
1331 4231 1414 4299 DSr.

261 4325 322 4390 140
343 4324 403 4390 illis
422 4323 481 4406 (so.
506 4327 633 4408 avibus)
652 4331 746 4392 uictus
768 4333 863 4393 omnis
883 4332 916 4392 r‘n
936 4337 1027 4408 terra,
1052 4379 1056 4390 .
1080 4379 1088 4395 .
1110 4339 1225 4395 tantum
1250 4333 1329 4416 quod
1342 4354 1415 4397 aera

259 4424 412 4489 oolrtamlo
434 4426 682 4490 transverberant.
721 4427 781 4492 Est
803 4429 929 4510 quidem
955 4429 1016 4490 iam
1039 4427 1191 4493 Ciceroni
1211 4431 1244 4493 iu
1267 4432 1414 4514 epistulis

260 4525 386 4610 usitata,
415 4526 473 4589 sed
501 4531 624 4590 tantum
658 4528 697 4592 de
724 4535 870 4611 tempore
891 4529 987 4592 modo
1009 4536 1153 4611 peracto.
1196 4529 1253 4608 Ea,
1277 4554 1340 4616 qua
1360 4533 1413 4598 hio

258 4623 389 4708 legitur,
417 4624 549 4688 notione
577 4647 654 4709 prae
688 4629 805 4693 ceteris
834 4628 1034 4726 Tertulliano
1070 4628 1318 4698 familiarissima
1352 4639 1412 4720 est,
