3068 5310
669 457 736 530 '139

120 669 212 723 artem
232 707 239 720 .
262 709 269 722 .
291 661 332 723 od
345 662 421 723 arte's
438 665 570 744 mupicae
590 665 730 726 metuatur
751 663 896 748 obsequie,
920 668 971 731 vel
991 667 1034 733 ib.
1056 669 1112 733 170
1132 670 1268 752 singulm,

120 772 157 822 eet
172 781 309 844 quemque
318 762 522 826 colluctantem
535 763 723 848 elsemderom
736 765 876 827 altissime
888 765 1019 850 deruerpo
1032 765 1091 851 (sc.
1104 768 1273 852 gladium12

119 860 175 924 ubi
191 860 219 924 01
234 880 299 924 non
324 860 413 942 falsa,
428 867 516 926 certe
527 862 629 928 minus
646 864 804 928 concinna
819 869 869 928 est
883 871 1060 948 temporum
1078 869 1274 935 consecutio,

118 959 324 1024 Postremum
346 982 409 1026 non
433 968 676 1044 praetereamus
692 965 950 1028 coniunctionem
967 978 1000 1028 ut
1019 974 1094 1049 post
1114 968 1196 1032 varii
1219 988 1273 1052 gc·

118 1059 210 1122 neris
239 1061 554 1145 verbasaepissime
583 1063 702 1128 omitti:
737 1064 789 1146 qui
815 1086 894 1145 mos,
931 1087 996 1130 non
1024 1067 1110 1150 quod
1137 1068 1273 1132 abonis

119 1159 334 1242 scriptoribus
361 1161 542 1241 abhorreat,
572 1163 630 1226 sed
656 1168 792 1246 propter
818 1164 921 1246 ipsam
949 1165 1162 1249 frequentiam
1185 1187 1275 1232 suam

118 1260 284 1323 notandus
308 1265 358 1323 est
380 1257 420 1326 M.
441 1260 465 1323 Ι.
482 1261 520 1324 31
545 1261 627 1344 effeci
645 1273 796 1347 sequetur.
818 1265 861 1328 ib.
882 1265 919 1328 81
939 1269 1057 1348 potitur
1078 1316 1086 1331 .
1110 1312 1117 1327 .
1141 1267 1274 1330 concede·

117 1380 191 1423 rem.
214 1359 255 1426 Π.
274 1360 332 1424 124
353 1359 393 1422 da
419 1363 534 1423 veniam
561 1366 712 1426 melarius
739 1363 904 1426 concedam.
933 1365 975 1428 ib.
1001 1366 1059 1430 127
1082 1367 1274 1450 0011191111-

118 1459 199 1524 bam.
223 1460 282 1524 133
304 1461 452 1523 contendit
472 1463 646 1526 interessem.
673 1461 732 1526 134
750 1463 800 1544 sce
821 1464 884 1526 elem
904 1486 977 1527 cura
999 1468 1049 1528 010.
1073 1464 1215 1529 1460000
1237 1517 1242 1531 .
1266 1515 1274 1532 .

119 1559 281 1622 custodies.
312 1560 372 1625 154
393 1561 542 1644 praecepit
564 1611 572 1627 .
596 1610 603 1625 .
626 1561 766 1626 redderet.
794 1561 850 1628 VI.
870 1564 931 1629 402
954 1565 1063 1648 efferos
1084 1585 1193 1629 censeo.
1214 1566 1273 1630 411

115 1661 196 1743 petit
220 1711 228 1725 .
250 1710 257 1724 .
280 1661 389 1724 mittas.
428 1659 490 1724 415
511 1659 628 1744 repetit
640 1661 794 1744 porm'pcs.
823 1663 885 1727 386
902 1674 1008 1746 patere
1035 1714 1043 1730 .
1071 1713 1079 1729 .
1109 1664 1275 1730 delitescam

118 1758 164 1822 cf.
182 1757 659 1824 sustenementum.
682 1759 752 1824 251.
775 1759 811 1822 V.
832 1762 903 1828 330.
925 1762 995 1829 345.
1016 1765 1086 1829 370.
1106 1764 1180 1830 VII.
1202 1765 1276 1828 1100.

119 1857 184 1921 536
206 1864 239 1922 01
261 1854 498 1940 saepissime*).

204 1957 362 2040 Denique,
391 1963 562 2039 antequam
590 1963 690 2022 totam
719 1958 941 2042 quaestionem
961 1965 1104 2025 nostram
1126 1962 1275 2027 absolvo·

119 2078 202 2139 mus,
242 2057 303 2121 hoc
324 2076 543 2140 proponamus
564 2063 747 2124 extremum.
797 2058 834 2121 In
859 2059 1055 2142 singularum
1078 2062 1288 2127 emundatio-¹

116 2177 194 2220 num
224 2161 384 2220 structura
416 2157 650 2238 sententiisque
685 2157 853 2223 nectendis
881 2180 1109 2242 nonnunquam
1134 2181 1154 2224 a
1182 2166 1275 2226 10010

118 2254 277 2320 orationis
300 2275 404 2338 cursu,
433 2255 501 2320 sive
525 2275 603 2320 casu
625 2255 759 2320 fortuito
782 2257 849 2322 sive
873 2258 984 2323 dedita
1005 2280 1116 2342 opera,
1138 2261 1276 2326 descivit

116 2354 288 2436 Apuleius.
331 2355 524 2438 Plerumque
552 2355 648 2420 video
678 2355 834 2423 eiusmodi
859 2358 1008 2425 licentias
1037 2361 1173 2426 tributas
1201 2380 1274 2426 esse

120 2452 192 2518 eius
215 2453 461 2537 neglegentiae:
485 2455 569 2537 quod
585 2457 734 2538 profecto
750 2479 816 2522 non
838 2477 965 2542 semper
980 2466 1090 2543 pot-est
1103 2480 1163 2545 pro
1183 2465 1275 2526 certo

118 2551 284 2618 affirmari.
322 2554 421 2618 Velut
446 2555 521 2619 mihi
541 2555 599 2619 illa
622 2556 777 2621 orationis
798 2556 977 2622 indirectae
1004 2565 1037 2623 et
1060 2561 1205 2626 directae
1225 2582 1274 2624 ra·

116 2651 247 2716 rissima
262 2655 396 2719 mutatio
412 2655 511 2720 multo
527 2641 627 2739 magis
639 2655 767 2721 videtur
784 2656 824 2720 de
838 2657 997 2722 industria
1016 2659 1168 2724 affectata
1189 2680 1272 2740 esse,

124 2772 219 2835 quam
242 2773 282 2816 ex
303 2753 506 2837 indiligentia
528 2755 596 2820 0100
618 2755 802 2820 manavisse
825 2752 864 2822 Μ.
886 2756 926 2822 V.
949 2758 1019 2824 371.
1041 2759 1102 2824 372
1118 2759 1216 2842 fitium
1236 2808 1242 2822 .
1264 2807 1272 2822 .

116 2843 243 2915 dubiam
262 2853 369 2918 solutis
389 2856 485 2918 lucere
505 2856 643 2940 tamque.
665 2873 803 2919 ‚ommam
824 2855 1097 2940 Vmeresscmt'liam
1119 2858 1197 2923 mele
1217 2879 1270 2922 aa·

114 2951 194 3028 dire,
210 2953 290 3036 qaod
311 2953 360 3018 ille
381 2955 498 3039 quidem
519 2964 660 3018 montone
681 2963 826 3032 scortata,
843 2966 875 3018 ta
898 2952 957 3038 (00.
972 2957 1100 3038 Venus)
1120 2978 1189 3021 cero
1209 2979 1271 3021 nee·

113 3053 184 3114 mim
205 3061 314 3116 metatu
331 3058 513 3119 recesseratis.
548 3053 684 3117 Diversa
712 3058 823 3135 potest
844 3054 1004 3138 disputari
1031 3059 1072 3122 de
1093 3059 1272 3124 huiusmodi

114 3152 270 3217 liberiore
294 3153 545 3236 constructione,
568 3172 650 3235 quae
674 3153 802 3235 quidem
823 3174 889 3219 non
911 3156 991 3222 00110
1012 3157 1139 3222 firmata
1159 3164 1209 3224 cst
1230 3155 1270 3224 M.

112 3251 173 3318 IX.
192 3252 252 3318 657
267 3251 329 3316 Set
351 3257 418 3339 epse
439 3255 516 3318 euim
536 3275 648 3329 mensu,
664 3253 1170 3340 0000101001οε0100111900101,
1189 3267 1272 3320 terro

113 3352 264 3416 dctiscms
284 3355 397 3429 imitus,
410 3351 609 3438 ,turpissimus
630 3353 750 3417 emicuit
768 3354 924 3437 sumptim
942 3356 1019 3439 sem.
1049 3357 1130 3422 Tum
1152 3377 1269 3421 anaco-

114 3451 213 3534 lutha,
248 3473 328 3535 quae
361 3453 578 3518 transcribere
604 3453 710 3517 omnia
738 3453 869 3537 longum
898 3461 957 3535 001,
985 3456 1067 3521 haee
1090 3457 1270 3540 comparari

114 3555 255 3632 possunt
277 3551 319 3618 Μ.
334 3551 392 3617 VI.
406 3551 477 3618 417.
493 3551 568 3616 Vll.
583 3553 654 3618 486.
670 3551 728 3619 IX.
744 3553 814 3620 608.
827 3554 884 3620 IV.
905 3555 980 3619 242:
1003 3577 1069 3622 me.
1092 3604 1100 3620 .
1123 3557 1269 3621 ceedmdo

118 3649 308 3733 coufece'ssmt
324 3652 470 3736 prot'ecto,
497 3653 559 3716 ac'si
583 3651 684 3716 dolere
705 3652 870 3738 plagarum
896 3654 983 3718 clem
1012 3667 1114 3720 orlata
1142 3657 1267 3742 ..fimo

109 3749 269 3834 fistulatim
291 3772 424 3834 accusso,
439 3751 581 3836 quosdam
603 3753 731 3817 ectrcmi
748 3753 872 3839 liquores
893 3755 1055 3842 asperpe'ree,
1071 3759 1146 3823 alios
1160 3769 1271 3843 putore

113 3851 232 3914 mederis
248 3852 390 3934 foetidis
413 3853 484 3917 mec's
504 3854 566 3916 iem
588 3853 703 3939 quassis
725 3853 857 3939 scapulis
879 3854 1046 3939 ctepc‘ssem.
1086 3857 1168 3922 Sunt
1187 3858 1266 3922 haec

113 3951 263 4034 exempla
283 3974 344 4036 pro
366 3954 671 4036 metamorphoseon
691 3973 757 4019 non
784 3973 885 4038 parvo
905 3956 1024 4020 ambitu
1039 3978 1114 4023 rara
1134 3962 1266 4024 tantum.

111 4053 143 4114 A
164 4052 279 4134 quibus
302 4053 490 4136 separanda
511 4033 585 4118 scint
607 4075 655 4140 ea,
679 4075 760 4140 quae
783 4055 816 4118 in
835 4055 977 4120 Floridis
998 4057 1149 4142 legnmtur
1168 4058 1266 4124 multo

111 4151 290 4218 crebriora.
331 4152 369 4216 ln
388 4153 501 4237 quibus
517 4154 725 4222 oratiunculis
749 4177 819 4222 cum
839 4157 873 4221 id
894 4157 1029 4224 maxime
1052 4162 1165 4241 ageret
1186 4179 1266 4223 sum·

179 4333 346 4399 1)110101111
370 4333 495 4389 adverbii
517 4337 548 4388 ut
570 4334 778 4408 interponamus
800 4335 846 4391 hic
869 4335 938 4390 satis
957 4337 1160 4393 memorabilem
1177 4355 1265 4403 usum,

110 4429 168 4484 quo
191 4419 341 4487 usurpatur
362 4420 419 4470 tum
441 4433 492 4488 pro
518 4420 581 4472 utut
603 4419 659 4489 Ap.
672 4419 741 4474 ¹498:
764 4421 1078 4476 01101000001101001.
1112 4419 1181 4474 DSr.
1202 4419 1263 4474 165:

109 4500 142 4551 01
158 4499 216 4552 ista
232 4501 305 4552 sunt.
334 4501 471 4570 (similiter
494 4519 548 4572 qna
568 4517 618 4572 pro
643 4519 753 4575 quaqua
775 4504 813 4558 M.
835 4503 885 4558 XI.
907 4503 956 4557 alt
983 4507 1011 4558 01
1030 4507 1098 4576 quot
1114 4520 1164 4575 pro
1183 4508 1263 4573 quot-

109 4587 182 4653 quot
198 4583 235 4639 ib.
253 4582 322 4654 800.)
341 4585 399 4638 tum
416 4585 495 4656 quasi
512 4586 745 4658 praeraptam
763 4589 806 4644 De
820 4587 938 4654 nomine,
956 4588 1263 4666 utimpraeseutiarum¹
1370 4651 1374 4658 ,

109 4666 182 4722 satis
200 4665 264 4722 dixi.
