3068 5310
828 395 887 464 118

284 593 382 665 tionis
407 601 441 664 in
461 599 630 665 tractatio:
652 619 693 664 ex
715 599 803 664 cuius
824 597 1031 663 multifariam
1052 618 1073 662 a
1093 604 1185 665 recta
1208 597 1369 684 solitaque
1392 600 1437 663 di-

285 700 379 764 cendi
401 721 513 764 norma
535 699 783 764 abhorrentibus
798 700 852 763 vel
874 704 962 763 certe
982 701 1157 766 rarioribus
1170 701 1350 766 ratiombus
1374 701 1437 764 eol-

281 799 417 883 ligamus
443 803 503 870 has
528 799 730 883 insigniores,
759 800 826 864 orsi
854 801 894 863 ab
921 799 972 880 iis,
1001 817 1083 882 quae
1108 799 1149 864 ad
1170 801 1335 886 propriam
1355 801 1436 864 indi·

282 899 377 962 candi
398 906 503 964 motus
525 900 689 964 notionem
710 899 978 982 multiplicemque
999 900 1075 963 inde
1092 900 1269 964 derivatum
1282 921 1373 965 usum
1387 921 1437 965 re-

280 999 453 1063 vocandae
476 1005 560 1064 sunt.
590 1002 639 1064 Ac
660 1001 792 1082 primum
815 999 942 1081 quidem
963 999 1043 1063 illud
1057 999 1136 1064 DPl.
1152 1000 1178 1066 Ι.
1195 1001 1252 1065 191
1276 1002 1309 1064 iu
1328 1001 1438 1064 multos

288 1119 352 1160 eum
374 1099 530 1162 enuntiari
547 1119 607 1162 non
626 1121 711 1184 posse
727 1099 807 1162 satis
821 1099 1027 1163 memorabile
1044 1106 1112 1165 cst:
1133 1121 1195 1182 quo
1210 1103 1309 1169 verbt
1322 1101 1436 1166 Plato·

283 1199 333 1262 nis
355 1200 467 1278 verba,
491 1219 574 1280 quae
594 1200 714 1264 ibidem
727 1200 947 1281 insequuntur,
971 1199 1013 1266 εἰς
1032 1198 1162 1269 πολλοὺς
1182 1199 1312 1285 ἐκφέρειν
1331 1199 1436 1262 ἀδυνα-

280 1295 380 1381 rtur).
424 1297 529 1380 Magis
554 1299 649 1361 etiam
671 1298 782 1362 mirum
805 1305 856 1362 est
876 1299 938 1363 hoc
960 1297 998 1364 M.
1014 1299 1073 1364 ΠΙ.
1090 1300 1148 1364 191
1166 1301 1336 1385 paullisper
1356 1301 1436 1364 cobl-

281 1397 358 1460 ln'tas
380 1397 460 1460 rr'stes
481 1397 568 1462 libere
589 1399 649 1461 tam
672 1399 788 1462 exarsit
805 1399 837 1461 in
852 1398 975 1482 plebem.
1007 1400 1132 1464 Deinde
1145 1397 1293 1483 legitima
1306 1401 1436 1482 quidem

280 1497 339 1562 sed
370 1503 477 1561 tamen
510 1498 724 1562 insolentiora
757 1505 831 1562 sunt
860 1500 956 1574 haec,
995 1501 1029 1562 in
1062 1500 1176 1582 quibus
1209 1521 1436 1583 nonnunquam

279 1598 437 1661 sincerior
471 1615 576 1662 sermo
612 1616 671 1679 pro
707 1599 950 1682 praepositione
992 1600 1136 1663 adhibuit
1170 1600 1347 1683 simplicem
1384 1621 1434 1665 ca·

280 1717 363 1762 sum:
403 1687 444 1762 M.
473 1697 530 1762 VI.
558 1697 621 1760 423
657 1697 728 1761 leoe's
761 1709 879 1762 amator
913 1702 945 1763 in
981 1701 1097 1784 pinnas
1129 1722 1159 1763 se
1191 1700 1278 1764 dedit.
1306 1702 1349 1767 ib.
1376 1701 1434 1767 IV.

278 1797 340 1862 236
361 1797 394 1860 iu
417 1805 542 1881 protam
564 1799 741 1882 prom'mum
770 1849 775 1860 .
798 1801 933 1885 ,pastui
956 1800 1105 1864 tradidere
1129 1821 1192 1865 nos.
1220 1799 1299 1866 DPl.
1314 1803 1350 1865 ll.
1372 1801 1434 1866 257

281 1897 314 1962 iu
336 1915 462 1980 qaorum
484 1897 607 1960 tutelam
629 1907 715 1983 atque
729 1899 816 1983 fidem
839 1899 1003 1984 respublica
1023 1899 1076 1963 ttla
1098 1899 1240 1966 creditur.
1263 1899 1306 1964 Μ.
1320 1901 1356 1964 ll.
1372 1899 1434 1964 162

195 2057 200 2060 .
278 2017 324 2058 me
352 1997 385 2059 iu
405 2017 500 2060 meam
522 1998 645 2082 quietem
659 2000 807 2082 permitte.
828 2001 871 2065 ib.
893 1999 918 2066 Ι.
934 1999 984 2065 68.
1005 1998 1063 2066 XI.
1084 2000 1146 2064 814
1166 1999 1384 2062 consuluerant
1403 2001 1434 2062 r'n

280 2119 333 2162 me.
356 2097 418 2179 Ap.
440 2097 501 2162 494
524 2097 589 2160 Hoc
609 2099 641 2161 ia
662 2119 707 2163 me
728 2100 872 2163 armeus?
889 2099 931 2165 Μ.
949 2098 975 2164 Ι.
997 2099 1036 2164 37
1053 2119 1147 2185 parce
1160 2099 1191 2161 iu
1201 2097 1344 2180 seminum
1358 2096 1434 2175 (Lu-

279 2193 373 2280 cret.)
392 2196 435 2260 ib.
458 2196 483 2261 I.
499 2197 538 2262 15
554 2218 648 2283 parce
664 2201 696 2263 ia
717 2199 813 2262 cerda.
833 2200 876 2264 ib.
900 2199 938 2263 17
965 2207 1037 2262 tanc
1056 2219 1106 2282 epo
1127 2200 1159 2261 in
1173 2196 1263 2261 cerba
1280 2198 1431 2284 fidentior.

276 2295 381 2359 Porro
404 2296 468 2359 aba
494 2300 605 2362 variae
634 2319 756 2383 eaeque
783 2320 849 2364 non
875 2319 1051 2382 perversae
1075 2297 1211 2381 quidem,
1242 2299 1303 2363 sed
1323 2306 1431 2363 tamen

276 2395 436 2460 brevitate
458 2397 644 2481 plerumque
667 2400 783 2464 audaci
803 2400 1017 2464 memorabilis
1040 2399 1259 2482 usurpationis
1284 2399 1431 2482 exempla

278 2513 488 2579 congeramus
516 2500 623 2563 varia:
650 2497 744 2568 M.11.
766 2501 807 2565 94
829 2500 924 2583 sontes
944 2547 951 2564 .
974 2548 982 2563 .
1003 2499 1201 2562 discurrentes
1221 2501 1255 2562 iu
1277 2499 1366 2562 lenem
1389 2501 1431 2562 01-

277 2597 408 2660 brantar
434 2598 556 2661 andam.
579 2599 621 2663 ib.
643 2599 685 2662 H.
707 2601 768 2664 129
794 2601 868 2662 lana
899 2601 1010 2663 crinem
1036 2601 1069 2663 iu
1089 2598 1223 2683 effusam.
1245 2602 1289 2665 ib.
1305 2603 1355 2664 lll.
1373 2599 1431 2664 175

277 2699 382 2762 ce'ailas
409 2699 441 2760 in
460 2699 606 2782 populum
632 2699 736 2784 effuso.
757 2700 814 2763 Vl.
835 2700 897 2767 399
917 2701 1047 2782 confusis
1074 2702 1106 2763 in
1126 2721 1221 2763 anam
1248 2698 1429 2784 prumalem.

276 2795 395 2863 11154
415 2797 542 2882 diffusus
563 2799 595 2860 iu
614 2799 766 2882 quadrum.
789 2798 847 2863 XI.
862 2799 923 2864 806
939 2799 1072 2884 populas
1086 2799 1209 2862 errabat
1227 2801 1261 2862 iu
1282 2808 1430 2884 aspectam

278 2897 338 2983 (sc.
359 2899 456 2963 modo
477 2900 549 2979 hoc,
571 2899 669 2963 modo
689 2899 770 2963 illud
789 2897 942 2984 intuens).
962 2937 1004 2946 -
1025 2899 1098 2965 Vll.
1112 2900 1175 2964 484
1195 2901 1273 2982 r'pnis
1295 2898 1432 2980 surgebat

277 3003 310 3064 iu
324 2998 462 3082 flamnms
485 3000 539 3078 (cf.
557 2998 646 3064 Tert.
659 2995 752 3064 Nati.
768 2997 806 3062 ll.
824 2999 863 3061 12
875 3001 972 3062 arbor
992 3001 1138 3083 exsurgit
1150 3001 1185 3063 in
1198 2999 1322 3079 ramos)
1342 2997 1429 3062 Vlll.

278 3101 338 3165 577
361 3099 541 3163 occultantes
561 3102 593 3163 in
613 3100 764 3183 gaudium.
787 3098 860 3164 VII.
875 3100 938 3164 460
948 3111 1023 3164 veste
1044 3101 1075 3163 in
1089 3102 1173 3162 sinus
1187 3097 1429 3186 [100011100αὸ00-

277 3201 373 3265 dante.
396 3199 438 3264 Π.
455 3199 516 3263 144
541 3201 573 3262 ia
595 3201 707 3263 amoris
726 3199 913 3284 parilitatem
940 3200 1233 3283 congermanescenti.
1261 3199 1287 3264 Ι.
1309 3199 1349 3263 62
1368 3197 1428 3260 val·

277 3321 335 3364 nus
356 3300 478 3364 dellr'scr‘t
498 3299 531 3363 in
548 3299 733 3383 profundum
758 3311 902 3382 patorem.
929 3333 971 3344 -
990 3299 1146 3364 011470·
1168 3317 1232 3382 spes
1252 3299 1380 3362 belam'or
1400 3300 1430 3359 in

277 3400 405 3486 capitale
427 3401 570 3484 processit
597 3401 723 3464 raetiam
749 3399 910 3482 permulta
935 3400 1089 3464 eiusdem·
1104 3399 1233 3483 generis
1256 3399 1329 3463 alia.
1369 3396 1428 3460 His

276 3501 479 3583 naturalique
501 3499 753 3584 praepositionis
774 3500 892 3563 rationi
915 3501 1092 3582 proximum
1114 3506 1165 3565 est
1186 3499 1264 3563 illud
1281 3501 1323 3578 in,
1347 3497 1430 3579 quod

277 3601 400 3666 indicat
420 3600 561 3683 proprie,
588 3599 708 3682 aliquid
732 3601 766 3663 in
791 3600 930 3682 aliquam
951 3621 1020 3665 rem
1042 3603 1185 3666 evadere
1214 3601 1346 3682 eiusque
1368 3599 1428 3662 for·

278 3721 360 3765 mam
373 3701 514 3778 induere,
531 3699 791 3782 frequentissime
812 3701 958 3764 nimirum
972 3708 1049 3784 post
1062 3704 1163 3766 verba
1176 3701 1326 3785 positum,
1351 3718 1427 3783 quae

276 3801 484 3866 mutationem
504 3799 660 3880 indicant,
694 3822 757 3884 qua
784 3803 855 3885 quis
878 3801 1073 3866 transfertur
1098 3801 1132 3864 in
1155 3801 1249 3864 aliam
1271 3801 1427 3866 condicio·

277 3921 350 3968 nom
366 3901 570 3984 speciemque
582 3901 624 3967 M.
641 3901 698 3965 IV.
714 3902 774 3967 237
794 3903 829 3965 de
846 3904 973 3966 iumenti
995 3902 1186 3986 quadripedis
1200 3903 1325 3964 incurvo
1334 3899 1428 3984 prada

277 4003 310 4065 in
331 4001 476 4064 bominem
498 4012 618 4064 erectas.
642 3999 700 4067 lll.
721 4002 783 4066 220
797 4001 860 4086 pili
878 4003 938 4064 mei
960 4010 1137 4064 crassantur
1157 4001 1190 4063 iu
1210 4010 1288 4064 setas
1309 4009 1338 4063 et
1358 3999 1428 4062 uelis

278 4102 410 4166 duratur
435 4103 468 4164 in
495 4103 620 4167 coriam.
646 4101 686 4168 V.
708 4102 769 4166 339
797 4102 922 4165 duratos
949 4103 982 4164 iu
1006 4099 1134 4186 lapidem
1161 4102 1275 4183 digitos.
1299 4102 1351 4164 lll.
1370 4095 1428 4163 219

278 4201 366 4286 de'pill
380 4211 529 4285 coquntur
549 4203 581 4265 in
602 4201 738 4286 singulm
758 4201 896 4286 ampulas.
924 4200 982 4266 XI.
1004 4200 1066 4266 780
1090 4221 1198 4265 manus
1220 4249 1227 4264 .
1252 4251 1258 4264 .
1284 4201 1318 4263 e'u
1338 4209 1426 4264 erecta

273 4301 478 4400 porripuntar
501 4301 608 4386 afficta.
629 4303 671 4368 H.
688 4301 727 4367 93
744 4299 822 4386 lupis
837 4303 869 4367 iu
887 4302 1021 4366 Dianam
1033 4302 1143 4384 sactus.
1158 4300 1217 4368 III.
1233 4302 1294 4366 212
1306 4303 1336 4366 iu
1348 4321 1425 4364 auem

345 4431 374 4500 l)
394 4432 481 4485 Forte
505 4433 579 4502 apud
602 4430 801 4487 Tertullianum
827 4434 921 4500 eadam
948 4431 1069 4486 indidem
1097 4437 1159 4486 orta
1181 4433 1322 4486 sententia
1347 4436 1425 4500 atquo

280 4517 421 4576 structura
443 4513 582 4570 invenitur
604 4518 759 4590 Apollo:
781 4516 971 4581 factitatorem
993 4517 1185 4584 univcrsitatis
1208 4557 1214 4571 .
1238 4558 1244 4572 .
1267 4515 1384 4582 enarrari
1399 4513 1422 4576 ill

279 4613 373 4663 omnes
392 4595 541 4663 difficilem.
1266 4609 1271 4630 ‘
