<?xml version="1.0" encoding="UTF-8"?>
<!DOCTYPE html PUBLIC "-//W3C//DTD XHTML 1.0 Transitional//EN"
    "http://www.w3.org/TR/xhtml1/DTD/xhtml1-transitional.dtd">
<html xmlns="http://www.w3.org/1999/xhtml" xml:lang="en" lang="en">
 <head>
  <title>
</title>
<meta http-equiv="Content-Type" content="text/html;charset=utf-8" />
  <meta name='ocr-system' content='tesseract 3.04.00' />
  <meta name='ocr-capabilities' content='ocr_page ocr_carea ocr_par ocr_line ocrx_word'/>
</head>
<body>
  <div class='ocr_page' id='page_1' title='image "./delatinitatelap00kretgoog_0069.png"; bbox 0 0 3128 5300; ppageno 0'>
   <div class='ocr_carea' id='block_1_1' title="bbox 324 543 1470 634">
    <p class='ocr_par' dir='ltr' id='par_1_1' title="bbox 324 543 1470 634">
     <span class='ocr_line' id='line_1_1' title="bbox 324 543 1470 634; baseline 0.002 -22"><span class='ocrx_word' id='word_1_1' title='bbox 324 557 386 612; x_wconf 78' lang='lat' dir='ltr'>tam</span> <span class='ocrx_word' id='word_1_2' title='bbox 407 556 433 612; x_wconf 87' lang='lat' dir='ltr'>et</span> <span class='ocrx_word' id='word_1_3' title='bbox 451 547 568 634; x_wconf 72' lang='lat' dir='ltr'>glebosa</span> <span class='ocrx_word' id='word_1_4' title='bbox 590 563 781 632; x_wconf 81' lang='lat' dir='ltr'>campartem:</span> <span class='ocrx_word' id='word_1_5' title='bbox 803 543 910 629; x_wconf 87' lang='lat' dir='ltr'>qualia</span> <span class='ocrx_word' id='word_1_6' title='bbox 932 551 967 610; x_wconf 90' lang='lat' dir='ltr'>ut</span> <span class='ocrx_word' id='word_1_7' title='bbox 989 546 1145 616; x_wconf 83' lang='lat' dir='ltr'>orationis</span> <span class='ocrx_word' id='word_1_8' title='bbox 1159 546 1255 612; x_wconf 90' lang='lat' dir='ltr'>vilem</span> <span class='ocrx_word' id='word_1_9' title='bbox 1269 547 1470 614; x_wconf 80' lang='lat' dir='ltr'>mediocrite·</span> 
     </span>
    </p>
   </div>
   <div class='ocr_carea' id='block_1_2' title="bbox 320 647 1482 4332">
    <p class='ocr_par' dir='ltr' id='par_1_2' title="bbox 320 647 1482 4332">
     <span class='ocr_line' id='line_1_2' title="bbox 323 647 1471 734; baseline -0.001 -19"><span class='ocrx_word' id='word_1_10' title='bbox 323 658 388 716; x_wconf 89' lang='lat' dir='ltr'>tem</span> <span class='ocrx_word' id='word_1_11' title='bbox 411 648 592 734; x_wconf 86' lang='lat' dir='ltr'>spernentis</span> <span class='ocrx_word' id='word_1_12' title='bbox 607 647 795 712; x_wconf 76' lang='lat' dir='ltr'>venustiora</span> <span class='ocrx_word' id='word_1_13' title='bbox 810 657 998 714; x_wconf 88' lang='lat' dir='ltr'>ornamenta</span> <span class='ocrx_word' id='word_1_14' title='bbox 1011 649 1157 716; x_wconf 90' lang='lat' dir='ltr'>variandi</span> <span class='ocrx_word' id='word_1_15' title='bbox 1173 669 1289 715; x_wconf 77' lang='lat' dir='ltr'><strong>caussa</strong></span> <span class='ocrx_word' id='word_1_16' title='bbox 1301 649 1471 714; x_wconf 83' lang='lat' dir='ltr'>immodice</span> 
     </span>
     <span class='ocr_line' id='line_1_3' title="bbox 321 748 1473 836; baseline -0.001 -19"><span class='ocrx_word' id='word_1_17' title='bbox 321 755 355 820; x_wconf 91' lang='lat' dir='ltr'>in</span> <span class='ocrx_word' id='word_1_18' title='bbox 378 774 466 819; x_wconf 86' lang='lat' dir='ltr'>suum</span> <span class='ocrx_word' id='word_1_19' title='bbox 486 771 576 815; x_wconf 91' lang='lat' dir='ltr'>usum</span> <span class='ocrx_word' id='word_1_20' title='bbox 600 748 758 816; x_wconf 86' lang='lat' dir='ltr'>convertit</span> <span class='ocrx_word' id='word_1_21' title='bbox 770 749 932 834; x_wconf 91' lang='lat' dir='ltr'>multoque</span> <span class='ocrx_word' id='word_1_22' title='bbox 954 754 1107 832; x_wconf 88' lang='lat' dir='ltr'>omnibus,</span> <span class='ocrx_word' id='word_1_23' title='bbox 1131 751 1185 836; x_wconf 89' lang='lat' dir='ltr'>qui</span> <span class='ocrx_word' id='word_1_24' title='bbox 1206 750 1322 815; x_wconf 80' lang='lat' dir='ltr'>adhinc</span> <span class='ocrx_word' id='word_1_25' title='bbox 1344 750 1473 816; x_wconf 81' lang='lat' dir='ltr'>Cicero·</span> 
     </span>
     <span class='ocr_line' id='line_1_4' title="bbox 321 849 1473 934; baseline -0.004 -15"><span class='ocrx_word' id='word_1_26' title='bbox 321 855 372 920; x_wconf 89' lang='lat' dir='ltr'>nis</span> <span class='ocrx_word' id='word_1_27' title='bbox 395 858 533 918; x_wconf 86' lang='lat' dir='ltr'>aetatem</span> <span class='ocrx_word' id='word_1_28' title='bbox 557 871 627 914; x_wconf 91' lang='lat' dir='ltr'>eam</span> <span class='ocrx_word' id='word_1_29' title='bbox 648 851 790 934; x_wconf 87' lang='lat' dir='ltr'>figuram,</span> <span class='ocrx_word' id='word_1_30' title='bbox 805 849 934 934; x_wconf 84' lang='lat' dir='ltr'>linguae</span> <span class='ocrx_word' id='word_1_31' title='bbox 955 853 1018 916; x_wconf 90' lang='lat' dir='ltr'>iam</span> <span class='ocrx_word' id='word_1_32' title='bbox 1039 852 1201 917; x_wconf 88' lang='lat' dir='ltr'>liberioris</span> <span class='ocrx_word' id='word_1_33' title='bbox 1223 850 1384 932; x_wconf 86' lang='lat' dir='ltr'>indicium,</span> <span class='ocrx_word' id='word_1_34' title='bbox 1409 872 1473 915; x_wconf 91' lang='lat' dir='ltr'>non</span> 
     </span>
     <span class='ocr_line' id='line_1_5' title="bbox 323 951 1476 1038; baseline -0.003 -20"><span class='ocrx_word' id='word_1_35' title='bbox 323 953 490 1037; x_wconf 90' lang='lat' dir='ltr'>aspernati</span> <span class='ocrx_word' id='word_1_36' title='bbox 513 957 596 1030; x_wconf 86' lang='lat' dir='ltr'>sunt,</span> <span class='ocrx_word' id='word_1_37' title='bbox 614 951 788 1034; x_wconf 86' lang='lat' dir='ltr'>profusius.</span> <span class='ocrx_word' id='word_1_38' title='bbox 832 951 980 1036; x_wconf 82' lang='lat' dir='ltr'>Exempli</span> <span class='ocrx_word' id='word_1_39' title='bbox 1001 954 1105 1038; x_wconf 86' lang='lat' dir='ltr'>gratia</span> <span class='ocrx_word' id='word_1_40' title='bbox 1118 951 1274 1016; x_wconf 87' lang='lat' dir='ltr'>nonnulla</span> <span class='ocrx_word' id='word_1_41' title='bbox 1293 951 1476 1017; x_wconf 91' lang='lat' dir='ltr'>huiusmodi</span> 
     </span>
     <span class='ocr_line' id='line_1_6' title="bbox 324 1050 1475 1136; baseline -0.003 -16"><span class='ocrx_word' id='word_1_42' title='bbox 324 1055 514 1136; x_wconf 87' lang='lat' dir='ltr'>colligamus</span> <span class='ocrx_word' id='word_1_43' title='bbox 536 1071 594 1134; x_wconf 88' lang='lat' dir='ltr'>pro</span> <span class='ocrx_word' id='word_1_44' title='bbox 618 1051 818 1115; x_wconf 89' lang='lat' dir='ltr'>substantivo</span> <span class='ocrx_word' id='word_1_45' title='bbox 841 1059 1007 1135; x_wconf 87' lang='lat' dir='ltr'>usurpata:</span> <span class='ocrx_word' id='word_1_46' title='bbox 1030 1054 1072 1118; x_wconf 93' lang='lat' dir='ltr'>M.</span> <span class='ocrx_word' id='word_1_47' title='bbox 1097 1050 1179 1118; x_wconf 84' lang='grc'>128</span> <span class='ocrx_word' id='word_1_48' title='bbox 1201 1052 1475 1136; x_wconf 84' lang='lat' dir='ltr'>deterrimasortn·</span> 
     </span>
     <span class='ocr_line' id='line_1_7' title="bbox 320 1152 1478 1238; baseline -0.003 -18"><span class='ocrx_word' id='word_1_49' title='bbox 320 1177 387 1220; x_wconf 87' lang='lat' dir='ltr'>nae.</span> <span class='ocrx_word' id='word_1_50' title='bbox 409 1155 452 1218; x_wconf 89' lang='lat' dir='ltr'>ib.</span> <span class='ocrx_word' id='word_1_51' title='bbox 475 1154 500 1218; x_wconf 91' lang='grc'>1.</span> <span class='ocrx_word' id='word_1_52' title='bbox 523 1153 563 1217; x_wconf 99' lang='grc'>28</span> <span class='ocrx_word' id='word_1_53' title='bbox 584 1171 656 1214; x_wconf 86' lang='lat' dir='ltr'>aera</span> <span class='ocrx_word' id='word_1_54' title='bbox 679 1161 827 1234; x_wconf 78' lang='lat' dir='ltr'>casaperta</span> <span class='ocrx_word' id='word_1_55' title='bbox 853 1171 1026 1220; x_wconf 82' lang='lat' dir='ltr'>memorare.</span> <span class='ocrx_word' id='word_1_56' title='bbox 1053 1155 1096 1219; x_wconf 90' lang='lat' dir='ltr'>ib.</span> <span class='ocrx_word' id='word_1_57' title='bbox 1127 1155 1163 1218; x_wconf 90' lang='lat' dir='ltr'>ll.</span> <span class='ocrx_word' id='word_1_58' title='bbox 1186 1153 1225 1218; x_wconf 95' lang='grc'>97</span> <span class='ocrx_word' id='word_1_59' title='bbox 1251 1152 1375 1238; x_wconf 80' lang='lat' dir='ltr'>Cnpilles</span> <span class='ocrx_word' id='word_1_60' title='bbox 1396 1164 1425 1218; x_wconf 90' lang='lat' dir='ltr'>et</span> <span class='ocrx_word' id='word_1_61' title='bbox 1446 1154 1478 1216; x_wconf 85' lang='lat' dir='ltr'>id</span> 
     </span>
     <span class='ocr_line' id='line_1_8' title="bbox 320 1250 1477 1340; baseline -0.003 -21"><span class='ocrx_word' id='word_1_62' title='bbox 320 1276 412 1340; x_wconf 74' lang='lat' dir='ltr'>penas</span> <span class='ocrx_word' id='word_1_63' title='bbox 429 1250 548 1335; x_wconf 79' lang='lat' dir='ltr'>fricatis</span> <span class='ocrx_word' id='word_1_64' title='bbox 569 1250 720 1314; x_wconf 77' lang='lat' dir='ltr'>inhalatis.</span> <span class='ocrx_word' id='word_1_65' title='bbox 748 1251 826 1316; x_wconf 85' lang='lat' dir='ltr'>ibid.</span> <span class='ocrx_word' id='word_1_66' title='bbox 850 1252 918 1315; x_wconf 83' lang='lat' dir='ltr'>r&#39;rnis</span> <span class='ocrx_word' id='word_1_67' title='bbox 942 1253 1069 1316; x_wconf 80' lang='lat' dir='ltr'>Tartari</span> <span class='ocrx_word' id='word_1_68' title='bbox 1092 1251 1285 1334; x_wconf 73' lang='lat' dir='ltr'>ncbnapere.</span> <span class='ocrx_word' id='word_1_69' title='bbox 1312 1252 1386 1318; x_wconf 85' lang='lat' dir='ltr'>Asc.</span> <span class='ocrx_word' id='word_1_70' title='bbox 1416 1254 1477 1318; x_wconf 87' lang='lat'>310</span> 
     </span>
     <span class='ocr_line' id='line_1_9' title="bbox 323 1347 1475 1438; baseline -0.005 -18"><span class='ocrx_word' id='word_1_71' title='bbox 323 1357 417 1420; x_wconf 81' lang='lat' dir='ltr'>imane</span> <span class='ocrx_word' id='word_1_72' title='bbox 435 1352 588 1438; x_wconf 71' lang='lat' dir='ltr'>spinam.</span> <span class='ocrx_word' id='word_1_73' title='bbox 610 1349 653 1414; x_wconf 95' lang='lat' dir='ltr'>M.</span> <span class='ocrx_word' id='word_1_74' title='bbox 670 1350 710 1413; x_wconf 94' lang='lat' dir='ltr'>ll.</span> <span class='ocrx_word' id='word_1_75' title='bbox 727 1351 795 1416; x_wconf 84' lang='lat'><strong>163.</strong></span> <span class='ocrx_word' id='word_1_76' title='bbox 813 1353 872 1418; x_wconf 88' lang='grc'>118</span> <span class='ocrx_word' id='word_1_77' title='bbox 888 1375 1004 1418; x_wconf 90' lang='lat' dir='ltr'>arcana</span> <span class='ocrx_word' id='word_1_78' title='bbox 1017 1356 1160 1436; x_wconf 77' lang='lat' dir='ltr'>sertornrn.</span> <span class='ocrx_word' id='word_1_79' title='bbox 1182 1351 1234 1416; x_wconf 90' lang='lat' dir='ltr'>Ill.</span> <span class='ocrx_word' id='word_1_80' title='bbox 1250 1351 1322 1418; x_wconf 92' lang='grc'>200.</span> <span class='ocrx_word' id='word_1_81' title='bbox 1336 1347 1393 1418; x_wconf 86' lang='lat' dir='ltr'>XL</span> <span class='ocrx_word' id='word_1_82' title='bbox 1405 1353 1475 1418; x_wconf 91' lang='grc'>801.</span> 
     </span>
     <span class='ocr_line' id='line_1_10' title="bbox 322 1449 1477 1540; baseline -0.004 -22"><span class='ocrx_word' id='word_1_83' title='bbox 322 1464 425 1540; x_wconf 84' lang='lat' dir='ltr'>operta</span> <span class='ocrx_word' id='word_1_84' title='bbox 447 1452 540 1537; x_wconf 80' lang='lat' dir='ltr'>adyti.</span> <span class='ocrx_word' id='word_1_85' title='bbox 564 1449 619 1514; x_wconf 91' lang='lat' dir='ltr'>lV.</span> <span class='ocrx_word' id='word_1_86' title='bbox 632 1450 691 1514; x_wconf 91' lang='grc'>247</span> <span class='ocrx_word' id='word_1_87' title='bbox 699 1472 758 1536; x_wconf 85' lang='lat' dir='ltr'>per</span> <span class='ocrx_word' id='word_1_88' title='bbox 779 1451 897 1538; x_wconf 81' lang='lat' dir='ltr'>obliqua</span> <span class='ocrx_word' id='word_1_89' title='bbox 912 1454 1032 1519; x_wconf 70' lang='lat' dir='ltr'>dacae.</span> <span class='ocrx_word' id='word_1_90' title='bbox 1043 1456 1086 1520; x_wconf 89' lang='lat' dir='ltr'>ib.</span> <span class='ocrx_word' id='word_1_91' title='bbox 1100 1453 1159 1518; x_wconf 88' lang='grc'><strong>317</strong></span> <span class='ocrx_word' id='word_1_92' title='bbox 1169 1472 1227 1537; x_wconf 86' lang='lat' dir='ltr'>per</span> <span class='ocrx_word' id='word_1_93' title='bbox 1245 1451 1357 1516; x_wconf 76' lang='lat' dir='ltr'>decena</span> <span class='ocrx_word' id='word_1_94' title='bbox 1378 1453 1477 1536; x_wconf 71' lang='lat' dir='ltr'>rapis.</span> 
     </span>
     <span class='ocr_line' id='line_1_11' title="bbox 322 1549 1477 1640; baseline -0.003 -24"><span class='ocrx_word' id='word_1_95' title='bbox 322 1554 365 1618; x_wconf 93' lang='lat' dir='ltr'>ib.</span> <span class='ocrx_word' id='word_1_96' title='bbox 381 1551 451 1617; x_wconf 94' lang='grc'>248.</span> <span class='ocrx_word' id='word_1_97' title='bbox 467 1553 506 1616; x_wconf 97' lang='grc'><strong>7.</strong></span> <span class='ocrx_word' id='word_1_98' title='bbox 522 1551 584 1614; x_wconf 89' lang='grc'>332</span> <span class='ocrx_word' id='word_1_99' title='bbox 601 1571 657 1634; x_wconf 82' lang='lat' dir='ltr'>per</span> <span class='ocrx_word' id='word_1_100' title='bbox 675 1571 785 1635; x_wconf 86' lang='lat' dir='ltr'>prann.</span> <span class='ocrx_word' id='word_1_101' title='bbox 809 1556 859 1618; x_wconf 96' lang='lat' dir='ltr'>lll.</span> <span class='ocrx_word' id='word_1_102' title='bbox 882 1556 944 1619; x_wconf 92' lang='grc'>230</span> <span class='ocrx_word' id='word_1_103' title='bbox 951 1577 1006 1640; x_wconf 86' lang='lat' dir='ltr'>per</span> <span class='ocrx_word' id='word_1_104' title='bbox 1020 1555 1090 1618; x_wconf 89' lang='lat' dir='ltr'>noia</span> <span class='ocrx_word' id='word_1_105' title='bbox 1105 1554 1258 1617; x_wconf 77' lang='lat' dir='ltr'>manniam.</span> <span class='ocrx_word' id='word_1_106' title='bbox 1280 1551 1390 1615; x_wconf 90' lang='lat' dir='ltr'>Mand.</span> <span class='ocrx_word' id='word_1_107' title='bbox 1415 1549 1477 1614; x_wconf 90' lang='grc'>289</span> 
     </span>
     <span class='ocr_line' id='line_1_12' title="bbox 326 1651 1475 1740; baseline -0.006 -23"><span class='ocrx_word' id='word_1_108' title='bbox 326 1653 420 1718; x_wconf 85' lang='lat' dir='ltr'>Ossae</span> <span class='ocrx_word' id='word_1_109' title='bbox 442 1653 553 1714; x_wconf 86' lang='lat' dir='ltr'>ardna.</span> <span class='ocrx_word' id='word_1_110' title='bbox 569 1651 608 1714; x_wconf 94' lang='lat' dir='ltr'>M.</span> <span class='ocrx_word' id='word_1_111' title='bbox 621 1651 677 1714; x_wconf 90' lang='lat' dir='ltr'>lV.</span> <span class='ocrx_word' id='word_1_112' title='bbox 693 1651 754 1716; x_wconf 88' lang='grc'>290</span> <span class='ocrx_word' id='word_1_113' title='bbox 766 1673 810 1718; x_wconf 86' lang='grc'>00.</span> <span class='ocrx_word' id='word_1_114' title='bbox 826 1654 867 1717; x_wconf 89' lang='lat' dir='ltr'>ad</span> <span class='ocrx_word' id='word_1_115' title='bbox 880 1665 972 1719; x_wconf 88' lang='lat' dir='ltr'>sectae</span> <span class='ocrx_word' id='word_1_116' title='bbox 985 1675 1058 1718; x_wconf 89' lang='lat' dir='ltr'>snae</span> <span class='ocrx_word' id='word_1_117' title='bbox 1071 1661 1154 1718; x_wconf 81' lang='lat' dir='ltr'>necta</span> <span class='ocrx_word' id='word_1_118' title='bbox 1171 1652 1351 1740; x_wconf 85' lang='lat' dir='ltr'>conferant.</span> <span class='ocrx_word' id='word_1_119' title='bbox 1366 1651 1475 1714; x_wconf 88' lang='lat' dir='ltr'>Mund.</span> 
     </span>
     <span class='ocr_line' id='line_1_13' title="bbox 323 1750 1477 1840; baseline -0.003 -23"><span class='ocrx_word' id='word_1_120' title='bbox 323 1753 382 1818; x_wconf 90' lang='grc'>301</span> <span class='ocrx_word' id='word_1_121' title='bbox 407 1752 536 1836; x_wconf 69' lang='lat' dir='ltr'>finitima</span> <span class='ocrx_word' id='word_1_122' title='bbox 564 1750 654 1814; x_wconf 76' lang='lat' dir='ltr'>ratri</span> <span class='ocrx_word' id='word_1_123' title='bbox 679 1755 774 1816; x_wconf 85' lang='lat' dir='ltr'>raaris</span> <span class='ocrx_word' id='word_1_124' title='bbox 792 1757 834 1818; x_wconf 89' lang='lat' dir='ltr'>ib.</span> <span class='ocrx_word' id='word_1_125' title='bbox 856 1757 927 1820; x_wconf 88' lang='grc'>328.</span> <span class='ocrx_word' id='word_1_126' title='bbox 946 1756 989 1818; x_wconf 88' lang='lat' dir='ltr'>ad</span> <span class='ocrx_word' id='word_1_127' title='bbox 1013 1775 1144 1840; x_wconf 80' lang='lat' dir='ltr'>superna</span> <span class='ocrx_word' id='word_1_128' title='bbox 1170 1804 1178 1819; x_wconf 98' lang='lat'><strong>.</strong></span> <span class='ocrx_word' id='word_1_129' title='bbox 1204 1803 1211 1816; x_wconf 89' lang='lat'><strong>.</strong></span> <span class='ocrx_word' id='word_1_130' title='bbox 1241 1772 1299 1816; x_wconf 87' lang='lat' dir='ltr'>ora</span> <span class='ocrx_word' id='word_1_131' title='bbox 1319 1751 1477 1815; x_wconf 85' lang='lat' dir='ltr'>tollentes</span> 
     </span>
     <span class='ocr_line' id='line_1_14' title="bbox 322 1851 1476 1921; baseline 0 -7"><span class='ocrx_word' id='word_1_132' title='bbox 322 1853 364 1915; x_wconf 90' lang='lat' dir='ltr'>ib.</span> <span class='ocrx_word' id='word_1_133' title='bbox 387 1851 564 1916; x_wconf 70' lang='lat' dir='ltr'>sensatae</span> <span class='ocrx_word' id='word_1_134' title='bbox 587 1862 746 1916; x_wconf 83' lang='lat' dir='ltr'>terraram.</span> <span class='ocrx_word' id='word_1_135' title='bbox 777 1856 853 1918; x_wconf 87' lang='lat' dir='ltr'>Asc.</span> <span class='ocrx_word' id='word_1_136' title='bbox 864 1855 926 1918; x_wconf 92' lang='grc'>322</span> <span class='ocrx_word' id='word_1_137' title='bbox 942 1855 974 1918; x_wconf 91' lang='lat' dir='ltr'>di</span> <span class='ocrx_word' id='word_1_138' title='bbox 992 1855 1171 1921; x_wconf 88' lang='lat' dir='ltr'>inhabitant</span> <span class='ocrx_word' id='word_1_139' title='bbox 1189 1874 1307 1918; x_wconf 77' lang='grc'>00111010</span> <span class='ocrx_word' id='word_1_140' title='bbox 1329 1851 1476 1915; x_wconf 85' lang='lat' dir='ltr'>coelestia.</span> 
     </span>
     <span class='ocr_line' id='line_1_15' title="bbox 322 1949 1476 2039; baseline -0.001 -25"><span class='ocrx_word' id='word_1_141' title='bbox 322 1951 362 2014; x_wconf 95' lang='lat' dir='ltr'>M.</span> <span class='ocrx_word' id='word_1_142' title='bbox 384 1953 425 2014; x_wconf 92' lang='lat' dir='ltr'>V.</span> <span class='ocrx_word' id='word_1_143' title='bbox 440 1951 501 2016; x_wconf 89' lang='grc'>354</span> <span class='ocrx_word' id='word_1_144' title='bbox 521 1951 555 2014; x_wconf 91' lang='lat' dir='ltr'>in</span> <span class='ocrx_word' id='word_1_145' title='bbox 570 1953 759 2037; x_wconf 83' lang='lat' dir='ltr'>profundam</span> <span class='ocrx_word' id='word_1_146' title='bbox 781 1954 961 2016; x_wconf 77' lang='lat' dir='ltr'>calamitatis</span> <span class='ocrx_word' id='word_1_147' title='bbox 989 1975 1061 2020; x_wconf 87' lang='lat' dir='ltr'>sese</span> <span class='ocrx_word' id='word_1_148' title='bbox 1084 1953 1313 2039; x_wconf 82' lang='lat' dir='ltr'>praecipitavit</span> <span class='ocrx_word' id='word_1_149' title='bbox 1336 1953 1393 2035; x_wconf 90' lang='lat' dir='ltr'>(ib.</span> <span class='ocrx_word' id='word_1_150' title='bbox 1419 1949 1476 2014; x_wconf 95' lang='lat' dir='ltr'>lll.</span> 
     </span>
     <span class='ocr_line' id='line_1_16' title="bbox 323 2050 1479 2120; baseline 0 -6"><span class='ocrx_word' id='word_1_151' title='bbox 323 2051 393 2116; x_wconf 88' lang='grc'>213.</span> <span class='ocrx_word' id='word_1_152' title='bbox 416 2050 472 2114; x_wconf 92' lang='grc'><strong>17.</strong></span> <span class='ocrx_word' id='word_1_153' title='bbox 495 2051 564 2116; x_wconf 87' lang='grc'>240.</span> <span class='ocrx_word' id='word_1_154' title='bbox 587 2051 626 2118; x_wconf 88' lang='grc'><strong>7.</strong></span> <span class='ocrx_word' id='word_1_155' title='bbox 642 2053 713 2118; x_wconf 88' lang='grc'>346.</span> <span class='ocrx_word' id='word_1_156' title='bbox 729 2051 800 2118; x_wconf 89' lang='grc'><strong>365.</strong></span> <span class='ocrx_word' id='word_1_157' title='bbox 821 2053 889 2118; x_wconf 87' lang='grc'>711.</span> <span class='ocrx_word' id='word_1_158' title='bbox 905 2053 975 2116; x_wconf 91' lang='grc'><strong>477.</strong></span> <span class='ocrx_word' id='word_1_159' title='bbox 998 2051 1086 2118; x_wconf 86' lang='grc'>7111.</span> <span class='ocrx_word' id='word_1_160' title='bbox 1102 2055 1163 2120; x_wconf 87' lang='grc'>552</span> <span class='ocrx_word' id='word_1_161' title='bbox 1184 2056 1217 2118; x_wconf 83' lang='lat' dir='ltr'>in</span> <span class='ocrx_word' id='word_1_162' title='bbox 1232 2053 1325 2116; x_wconf 85' lang='lat' dir='ltr'>altarn</span> <span class='ocrx_word' id='word_1_163' title='bbox 1349 2052 1479 2118; x_wconf 81' lang='lat' dir='ltr'>subsilit</span> 
     </span>
     <span class='ocr_line' id='line_1_17' title="bbox 324 2151 1479 2238; baseline -0.001 -23"><span class='ocrx_word' id='word_1_164' title='bbox 324 2157 386 2215; x_wconf 87' lang='lat' dir='ltr'>eto.</span> <span class='ocrx_word' id='word_1_165' title='bbox 409 2151 451 2215; x_wconf 91' lang='lat' dir='ltr'>ib.</span> <span class='ocrx_word' id='word_1_166' title='bbox 477 2151 537 2216; x_wconf 88' lang='lat' dir='ltr'>Vll.</span> <span class='ocrx_word' id='word_1_167' title='bbox 559 2152 622 2216; x_wconf 89' lang='grc'>490</span> <span class='ocrx_word' id='word_1_168' title='bbox 642 2153 768 2216; x_wconf 78' lang='lat' dir='ltr'>ninnium</span> <span class='ocrx_word' id='word_1_169' title='bbox 790 2153 930 2218; x_wconf 76' lang='lat' dir='ltr'>tttttena.</span> <span class='ocrx_word' id='word_1_170' title='bbox 955 2153 1006 2217; x_wconf 91' lang='lat' dir='ltr'>lll.</span> <span class='ocrx_word' id='word_1_171' title='bbox 1028 2154 1090 2219; x_wconf 88' lang='grc'>230</span> <span class='ocrx_word' id='word_1_172' title='bbox 1112 2156 1278 2238; x_wconf 82' lang='lat' dir='ltr'>opulentiae</span> <span class='ocrx_word' id='word_1_173' title='bbox 1289 2155 1429 2234; x_wconf 73' lang='lat' dir='ltr'>nimiam,</span> <span class='ocrx_word' id='word_1_174' title='bbox 1447 2158 1479 2216; x_wconf 87' lang='lat' dir='ltr'>et</span> 
     </span>
     <span class='ocr_line' id='line_1_18' title="bbox 323 2251 1479 2338; baseline 0.002 -24"><span class='ocrx_word' id='word_1_175' title='bbox 323 2251 404 2314; x_wconf 88' lang='lat' dir='ltr'>haee</span> <span class='ocrx_word' id='word_1_176' title='bbox 427 2251 630 2333; x_wconf 88' lang='lat' dir='ltr'>saepissime:</span> <span class='ocrx_word' id='word_1_177' title='bbox 654 2253 703 2318; x_wconf 94' lang='grc'><strong>17.</strong></span> <span class='ocrx_word' id='word_1_178' title='bbox 719 2253 780 2316; x_wconf 86' lang='grc'>264</span> <span class='ocrx_word' id='word_1_179' title='bbox 804 2273 905 2317; x_wconf 75' lang='lat' dir='ltr'>rann</span> <span class='ocrx_word' id='word_1_180' title='bbox 927 2255 1196 2338; x_wconf 76' lang='lat' dir='ltr'>cancta-senqnta,</span> <span class='ocrx_word' id='word_1_181' title='bbox 1219 2255 1270 2320; x_wconf 95' lang='grc'>111.</span> <span class='ocrx_word' id='word_1_182' title='bbox 1287 2254 1349 2318; x_wconf 91' lang='grc'>220</span> <span class='ocrx_word' id='word_1_183' title='bbox 1370 2263 1479 2316; x_wconf 85' lang='lat' dir='ltr'>cuncta</span> 
     </span>
     <span class='ocr_line' id='line_1_19' title="bbox 325 2351 1482 2436; baseline 0.002 -22"><span class='ocrx_word' id='word_1_184' title='bbox 325 2352 471 2436; x_wconf 82' lang='lat' dir='ltr'>corporis.</span> <span class='ocrx_word' id='word_1_185' title='bbox 494 2352 536 2415; x_wconf 90' lang='lat' dir='ltr'>ib.</span> <span class='ocrx_word' id='word_1_186' title='bbox 555 2351 614 2415; x_wconf 90' lang='grc'>178</span> <span class='ocrx_word' id='word_1_187' title='bbox 637 2361 743 2414; x_wconf 86' lang='lat' dir='ltr'>cancta</span> <span class='ocrx_word' id='word_1_188' title='bbox 764 2354 895 2417; x_wconf 81' lang='lat' dir='ltr'>orbitatis</span> <span class='ocrx_word' id='word_1_189' title='bbox 917 2403 924 2418; x_wconf 99' lang='lat'><strong>.</strong></span> <span class='ocrx_word' id='word_1_190' title='bbox 948 2403 954 2418; x_wconf 98' lang='lat'><strong>.</strong></span> <span class='ocrx_word' id='word_1_191' title='bbox 978 2353 1155 2418; x_wconf 85' lang='lat' dir='ltr'>circumire.</span> <span class='ocrx_word' id='word_1_192' title='bbox 1184 2355 1221 2418; x_wconf 93' lang='lat' dir='ltr'>ll.</span> <span class='ocrx_word' id='word_1_193' title='bbox 1248 2351 1315 2418; x_wconf 83' lang='grc'><strong>165.</strong></span> <span class='ocrx_word' id='word_1_194' title='bbox 1337 2353 1395 2417; x_wconf 89' lang='lat' dir='ltr'>IV.</span> <span class='ocrx_word' id='word_1_195' title='bbox 1420 2354 1482 2418; x_wconf 91' lang='grc'>274</span> 
     </span>
     <span class='ocr_line' id='line_1_20' title="bbox 320 2450 1480 2536; baseline 0.002 -22"><span class='ocrx_word' id='word_1_196' title='bbox 320 2450 460 2533; x_wconf 75' lang='lat' dir='ltr'>fallaciae</span> <span class='ocrx_word' id='word_1_197' title='bbox 484 2451 608 2535; x_wconf 78' lang='lat' dir='ltr'>reb‘qna.</span> <span class='ocrx_word' id='word_1_198' title='bbox 631 2450 657 2515; x_wconf 91' lang='lat' dir='ltr'>l.</span> <span class='ocrx_word' id='word_1_199' title='bbox 673 2451 714 2515; x_wconf 89' lang='grc'>30</span> <span class='ocrx_word' id='word_1_200' title='bbox 736 2453 770 2515; x_wconf 91' lang='lat' dir='ltr'>ll.</span> <span class='ocrx_word' id='word_1_201' title='bbox 794 2453 832 2516; x_wconf 94' lang='grc'>87</span> <span class='ocrx_word' id='word_1_202' title='bbox 855 2463 951 2515; x_wconf 88' lang='lat' dir='ltr'>cetera</span> <span class='ocrx_word' id='word_1_203' title='bbox 970 2456 1113 2536; x_wconf 81' lang='lat' dir='ltr'>eorporis.</span> <span class='ocrx_word' id='word_1_204' title='bbox 1130 2455 1164 2519; x_wconf 88' lang='lat' dir='ltr'>V.</span> <span class='ocrx_word' id='word_1_205' title='bbox 1180 2454 1240 2518; x_wconf 89' lang='grc'>368</span> <span class='ocrx_word' id='word_1_206' title='bbox 1261 2453 1387 2518; x_wconf 84' lang='lat' dir='ltr'>rnnltnrn</span> <span class='ocrx_word' id='word_1_207' title='bbox 1402 2457 1480 2518; x_wconf 85' lang='lat' dir='ltr'>aiae.</span> 
     </span>
     <span class='ocr_line' id='line_1_21' title="bbox 323 2550 1480 2635; baseline 0.001 -21"><span class='ocrx_word' id='word_1_208' title='bbox 323 2550 398 2614; x_wconf 88' lang='lat' dir='ltr'>Hoc</span> <span class='ocrx_word' id='word_1_209' title='bbox 425 2550 500 2615; x_wconf 91' lang='lat' dir='ltr'>laco</span> <span class='ocrx_word' id='word_1_210' title='bbox 522 2550 561 2616; x_wconf 92' lang='lat' dir='ltr'>M.</span> <span class='ocrx_word' id='word_1_211' title='bbox 578 2551 630 2614; x_wconf 89' lang='lat' dir='ltr'>Xt.</span> <span class='ocrx_word' id='word_1_212' title='bbox 655 2552 731 2616; x_wconf 77' lang='lat'>766:</span> <span class='ocrx_word' id='word_1_213' title='bbox 753 2553 785 2614; x_wconf 91' lang='lat' dir='ltr'>in</span> <span class='ocrx_word' id='word_1_214' title='bbox 800 2553 865 2635; x_wconf 73' lang='lat' dir='ltr'>ipsa</span> <span class='ocrx_word' id='word_1_215' title='bbox 879 2551 1070 2615; x_wconf 81' lang='lat' dir='ltr'>subterranea</span> <span class='ocrx_word' id='word_1_216' title='bbox 1091 2552 1293 2616; x_wconf 79' lang='lat' dir='ltr'>semirotundo</span> <span class='ocrx_word' id='word_1_217' title='bbox 1316 2553 1480 2617; x_wconf 87' lang='lat' dir='ltr'>subterra-</span> 
     </span>
     <span class='ocr_line' id='line_1_22' title="bbox 323 2650 1480 2733; baseline -0.003 -17"><span class='ocrx_word' id='word_1_218' title='bbox 323 2670 418 2717; x_wconf 88' lang='lat' dir='ltr'>neum</span> <span class='ocrx_word' id='word_1_219' title='bbox 442 2651 608 2716; x_wconf 87' lang='lat' dir='ltr'>adinstar</span> <span class='ocrx_word' id='word_1_220' title='bbox 630 2651 820 2714; x_wconf 82' lang='lat' dir='ltr'>substantivi</span> <span class='ocrx_word' id='word_1_221' title='bbox 843 2650 961 2714; x_wconf 88' lang='lat' dir='ltr'>dictum</span> <span class='ocrx_word' id='word_1_222' title='bbox 984 2657 1035 2716; x_wconf 87' lang='lat' dir='ltr'>est</span> <span class='ocrx_word' id='word_1_223' title='bbox 1056 2672 1115 2733; x_wconf 91' lang='lat' dir='ltr'>pro</span> <span class='ocrx_word' id='word_1_224' title='bbox 1145 2650 1222 2715; x_wconf 90' lang='lat' dir='ltr'>Orci</span> <span class='ocrx_word' id='word_1_225' title='bbox 1242 2651 1324 2715; x_wconf 86' lang='lat' dir='ltr'>locis</span> <span class='ocrx_word' id='word_1_226' title='bbox 1346 2651 1480 2716; x_wconf 84' lang='lat' dir='ltr'>inferis:</span> 
     </span>
     <span class='ocr_line' id='line_1_23' title="bbox 324 2749 1479 2836; baseline 0.002 -22"><span class='ocrx_word' id='word_1_227' title='bbox 324 2757 438 2814; x_wconf 86' lang='lat' dir='ltr'>contra</span> <span class='ocrx_word' id='word_1_228' title='bbox 458 2751 498 2815; x_wconf 89' lang='lat' dir='ltr'>M.</span> <span class='ocrx_word' id='word_1_229' title='bbox 515 2752 553 2817; x_wconf 99' lang='lat' dir='ltr'>V.</span> <span class='ocrx_word' id='word_1_230' title='bbox 570 2751 632 2816; x_wconf 87' lang='grc'>324</span> <span class='ocrx_word' id='word_1_231' title='bbox 652 2749 887 2815; x_wconf 81' lang='lat' dir='ltr'>senei&#39;ratnndnnr</span> <span class='ocrx_word' id='word_1_232' title='bbox 899 2750 1090 2814; x_wconf 78' lang='lat' dir='ltr'>substantivi</span> <span class='ocrx_word' id='word_1_233' title='bbox 1107 2757 1217 2834; x_wconf 86' lang='lat' dir='ltr'>partes</span> <span class='ocrx_word' id='word_1_234' title='bbox 1246 2752 1312 2836; x_wconf 85' lang='lat' dir='ltr'>agit</span> <span class='ocrx_word' id='word_1_235' title='bbox 1339 2771 1399 2834; x_wconf 92' lang='lat' dir='ltr'>pro</span> <span class='ocrx_word' id='word_1_236' title='bbox 1426 2752 1479 2816; x_wconf 87' lang='lat' dir='ltr'>he-</span> 
     </span>
     <span class='ocr_line' id='line_1_24' title="bbox 324 2848 1478 2934; baseline -0.001 -20"><span class='ocrx_word' id='word_1_237' title='bbox 324 2850 503 2932; x_wconf 85' lang='lat' dir='ltr'>micyclium</span> <span class='ocrx_word' id='word_1_238' title='bbox 526 2851 593 2916; x_wconf 87' lang='lat' dir='ltr'>sive</span> <span class='ocrx_word' id='word_1_239' title='bbox 618 2853 720 2934; x_wconf 89' lang='lat' dir='ltr'>sigma</span> <span class='ocrx_word' id='word_1_240' title='bbox 742 2848 937 2934; x_wconf 83' lang='lat' dir='ltr'>(mensarum</span> <span class='ocrx_word' id='word_1_241' title='bbox 961 2849 993 2913; x_wconf 92' lang='lat' dir='ltr'>in</span> <span class='ocrx_word' id='word_1_242' title='bbox 1017 2850 1120 2933; x_wconf 87' lang='lat' dir='ltr'>epulis</span> <span class='ocrx_word' id='word_1_243' title='bbox 1142 2853 1319 2934; x_wconf 88' lang='lat' dir='ltr'>positarum</span> <span class='ocrx_word' id='word_1_244' title='bbox 1347 2852 1478 2934; x_wconf 78' lang='lat' dir='ltr'>figura).</span> 
     </span>
     <span class='ocr_line' id='line_1_25' title="bbox 323 2949 1481 3034; baseline 0.004 -23"><span class='ocrx_word' id='word_1_245' title='bbox 323 2949 373 3012; x_wconf 85' lang='lat' dir='ltr'>Ex</span> <span class='ocrx_word' id='word_1_246' title='bbox 400 2951 440 3013; x_wconf 92' lang='lat' dir='ltr'>iis</span> <span class='ocrx_word' id='word_1_247' title='bbox 463 2951 631 3034; x_wconf 71' lang='lat' dir='ltr'>appositis</span> <span class='ocrx_word' id='word_1_248' title='bbox 653 2971 734 3033; x_wconf 89' lang='lat' dir='ltr'>quae</span> <span class='ocrx_word' id='word_1_249' title='bbox 758 2951 829 3014; x_wconf 91' lang='lat' dir='ltr'>sola</span> <span class='ocrx_word' id='word_1_250' title='bbox 850 2971 910 3032; x_wconf 88' lang='lat' dir='ltr'>pro</span> <span class='ocrx_word' id='word_1_251' title='bbox 934 2969 969 3014; x_wconf 88' lang='lat' dir='ltr'>se</span> <span class='ocrx_word' id='word_1_252' title='bbox 985 2950 1094 3032; x_wconf 88' lang='lat' dir='ltr'>posita</span> <span class='ocrx_word' id='word_1_253' title='bbox 1108 2971 1168 3033; x_wconf 89' lang='lat' dir='ltr'>per</span> <span class='ocrx_word' id='word_1_254' title='bbox 1187 2953 1316 3034; x_wconf 86' lang='lat' dir='ltr'>ellipsin</span> <span class='ocrx_word' id='word_1_255' title='bbox 1331 2955 1481 3018; x_wconf 87' lang='lat' dir='ltr'>substan·</span> 
     </span>
     <span class='ocr_line' id='line_1_26' title="bbox 324 3047 1480 3134; baseline 0.003 -22"><span class='ocrx_word' id='word_1_256' title='bbox 324 3049 380 3112; x_wconf 85' lang='lat' dir='ltr'>tivi</span> <span class='ocrx_word' id='word_1_257' title='bbox 406 3049 539 3114; x_wconf 87' lang='lat' dir='ltr'>alieuius</span> <span class='ocrx_word' id='word_1_258' title='bbox 561 3051 753 3134; x_wconf 88' lang='lat' dir='ltr'>complenda</span> <span class='ocrx_word' id='word_1_259' title='bbox 773 3049 932 3123; x_wconf 85' lang='lat' dir='ltr'>videntur,</span> <span class='ocrx_word' id='word_1_260' title='bbox 949 3054 1081 3129; x_wconf 83' lang='lat' dir='ltr'>praeter</span> <span class='ocrx_word' id='word_1_261' title='bbox 1101 3051 1181 3115; x_wconf 88' lang='lat' dir='ltr'>haee</span> <span class='ocrx_word' id='word_1_262' title='bbox 1203 3053 1244 3116; x_wconf 90' lang='lat' dir='ltr'>M.</span> <span class='ocrx_word' id='word_1_263' title='bbox 1267 3047 1306 3116; x_wconf 93' lang='lat' dir='ltr'>ll.</span> <span class='ocrx_word' id='word_1_264' title='bbox 1330 3053 1387 3116; x_wconf 93' lang='grc'>151</span> <span class='ocrx_word' id='word_1_265' title='bbox 1412 3063 1480 3116; x_wconf 78' lang='lat' dir='ltr'>tren·</span> 
     </span>
     <span class='ocr_line' id='line_1_27' title="bbox 324 3148 1480 3235; baseline 0.003 -23"><span class='ocrx_word' id='word_1_266' title='bbox 324 3148 425 3214; x_wconf 87' lang='lat' dir='ltr'>tillnla</span> <span class='ocrx_word' id='word_1_267' title='bbox 447 3151 589 3214; x_wconf 81' lang='lat' dir='ltr'>anr&#39;rnnlis</span> <span class='ocrx_word' id='word_1_268' title='bbox 610 3150 651 3213; x_wconf 91' lang='lat' dir='ltr'>X.</span> <span class='ocrx_word' id='word_1_269' title='bbox 675 3151 746 3215; x_wconf 88' lang='grc'><strong>679.</strong></span> <span class='ocrx_word' id='word_1_270' title='bbox 768 3149 913 3213; x_wconf 80' lang='grc'>71317111</span> <span class='ocrx_word' id='word_1_271' title='bbox 937 3151 1110 3233; x_wconf 84' lang='lat' dir='ltr'>praeposito</span> <span class='ocrx_word' id='word_1_272' title='bbox 1133 3173 1195 3215; x_wconf 78' lang='lat' dir='ltr'>inea</span> <span class='ocrx_word' id='word_1_273' title='bbox 1217 3152 1480 3235; x_wconf 83' lang='lat' dir='ltr'>frequentissime</span> 
     </span>
     <span class='ocr_line' id='line_1_28' title="bbox 324 3248 1479 3336; baseline 0.003 -22"><span class='ocrx_word' id='word_1_274' title='bbox 324 3251 474 3333; x_wconf 86' lang='lat' dir='ltr'>occurrit,</span> <span class='ocrx_word' id='word_1_275' title='bbox 488 3251 575 3334; x_wconf 86' lang='lat' dir='ltr'>quod</span> <span class='ocrx_word' id='word_1_276' title='bbox 591 3250 680 3314; x_wconf 88' lang='lat' dir='ltr'>nullo</span> <span class='ocrx_word' id='word_1_277' title='bbox 696 3250 792 3315; x_wconf 90' lang='lat' dir='ltr'>modo</span> <span class='ocrx_word' id='word_1_278' title='bbox 809 3248 972 3312; x_wconf 88' lang='lat' dir='ltr'>insolitum</span> <span class='ocrx_word' id='word_1_279' title='bbox 988 3254 1047 3330; x_wconf 87' lang='lat' dir='ltr'>est,</span> <span class='ocrx_word' id='word_1_280' title='bbox 1060 3251 1218 3332; x_wconf 82' lang='lat' dir='ltr'>parantes,</span> <span class='ocrx_word' id='word_1_281' title='bbox 1231 3250 1364 3336; x_wconf 83' lang='lat' dir='ltr'>parante</span> <span class='ocrx_word' id='word_1_282' title='bbox 1379 3253 1423 3319; x_wconf 90' lang='lat' dir='ltr'>M.</span> <span class='ocrx_word' id='word_1_283' title='bbox 1439 3253 1479 3318; x_wconf 91' lang='lat' dir='ltr'>V.</span> 
     </span>
     <span class='ocr_line' id='line_1_29' title="bbox 323 3347 1481 3418; baseline 0.001 -4"><span class='ocrx_word' id='word_1_284' title='bbox 323 3348 654 3416; x_wconf 64' lang='lat' dir='ltr'>emensitatem.</span> <span class='ocrx_word' id='word_1_285' title='bbox 670 3349 741 3414; x_wconf 88' lang='grc'><strong>565.</strong></span> <span class='ocrx_word' id='word_1_286' title='bbox 751 3350 785 3412; x_wconf 94' lang='grc'><strong>7.</strong></span> <span class='ocrx_word' id='word_1_287' title='bbox 801 3349 860 3412; x_wconf 89' lang='grc'>347</span> <span class='ocrx_word' id='word_1_288' title='bbox 875 3347 916 3409; x_wconf 88' lang='grc' dir='ltr'>Χ.</span> <span class='ocrx_word' id='word_1_289' title='bbox 933 3348 1067 3414; x_wconf 84' lang='grc'>731111.</span> <span class='ocrx_word' id='word_1_290' title='bbox 1085 3351 1152 3417; x_wconf 88' lang='grc'>186.</span> <span class='ocrx_word' id='word_1_291' title='bbox 1169 3348 1481 3418; x_wconf 63' lang='lat' dir='ltr'>tantummono</span> 
     </span>
     <span class='ocr_line' id='line_1_30' title="bbox 324 3446 1479 3533; baseline 0.002 -21"><span class='ocrx_word' id='word_1_292' title='bbox 324 3450 381 3514; x_wconf 86' lang='lat' dir='ltr'>His</span> <span class='ocrx_word' id='word_1_293' title='bbox 389 3454 460 3516; x_wconf 85' lang='lat' dir='ltr'>meis</span> <span class='ocrx_word' id='word_1_294' title='bbox 471 3451 590 3515; x_wconf 75' lang='lat' dir='ltr'>addidit</span> <span class='ocrx_word' id='word_1_295' title='bbox 601 3450 681 3512; x_wconf 87' lang='lat' dir='ltr'>alins</span> <span class='ocrx_word' id='word_1_296' title='bbox 693 3449 843 3531; x_wconf 89' lang='lat' dir='ltr'>qnodque</span> <span class='ocrx_word' id='word_1_297' title='bbox 854 3446 949 3510; x_wconf 89' lang='lat' dir='ltr'>etiam</span> <span class='ocrx_word' id='word_1_298' title='bbox 962 3466 981 3510; x_wconf 91' lang='lat' dir='ltr'>a</span> <span class='ocrx_word' id='word_1_299' title='bbox 992 3449 1181 3512; x_wconf 84' lang='lat' dir='ltr'>nostratium</span> <span class='ocrx_word' id='word_1_300' title='bbox 1192 3451 1315 3533; x_wconf 90' lang='lat' dir='ltr'>vulgari</span> <span class='ocrx_word' id='word_1_301' title='bbox 1326 3470 1479 3516; x_wconf 89' lang='lat' dir='ltr'>sermone</span> 
     </span>
     <span class='ocr_line' id='line_1_31' title="bbox 324 3547 1478 3630; baseline 0.005 -19"><span class='ocrx_word' id='word_1_302' title='bbox 324 3568 391 3612; x_wconf 92' lang='lat' dir='ltr'>non</span> <span class='ocrx_word' id='word_1_303' title='bbox 404 3550 541 3614; x_wconf 89' lang='lat' dir='ltr'>alienum</span> <span class='ocrx_word' id='word_1_304' title='bbox 555 3556 606 3614; x_wconf 87' lang='lat' dir='ltr'>est</span> <span class='ocrx_word' id='word_1_305' title='bbox 622 3549 661 3614; x_wconf 94' lang='lat' dir='ltr'>M.</span> <span class='ocrx_word' id='word_1_306' title='bbox 678 3548 736 3611; x_wconf 86' lang='lat' dir='ltr'>IX.</span> <span class='ocrx_word' id='word_1_307' title='bbox 753 3548 814 3613; x_wconf 89' lang='grc'>656</span> <span class='ocrx_word' id='word_1_308' title='bbox 825 3547 1115 3612; x_wconf 83' lang='lat' dir='ltr'>Necmoratasrnens</span> <span class='ocrx_word' id='word_1_309' title='bbox 1128 3549 1187 3628; x_wconf 87' lang='lat' dir='ltr'>(se.</span> <span class='ocrx_word' id='word_1_310' title='bbox 1202 3547 1347 3614; x_wconf 84' lang='lat' dir='ltr'>dominus</span> <span class='ocrx_word' id='word_1_311' title='bbox 1360 3552 1478 3630; x_wconf 82' lang='lat' dir='ltr'>meus).</span> 
     </span>
     <span class='ocr_line' id='line_1_32' title="bbox 323 3647 1480 3733; baseline 0.003 -21"><span class='ocrx_word' id='word_1_312' title='bbox 323 3648 438 3712; x_wconf 88' lang='lat' dir='ltr'>Altera</span> <span class='ocrx_word' id='word_1_313' title='bbox 458 3649 491 3711; x_wconf 91' lang='lat' dir='ltr'>in</span> <span class='ocrx_word' id='word_1_314' title='bbox 514 3672 573 3714; x_wconf 89' lang='lat' dir='ltr'>usu</span> <span class='ocrx_word' id='word_1_315' title='bbox 597 3649 818 3733; x_wconf 86' lang='lat' dir='ltr'>appositorum</span> <span class='ocrx_word' id='word_1_316' title='bbox 839 3668 905 3711; x_wconf 91' lang='lat' dir='ltr'>non</span> <span class='ocrx_word' id='word_1_317' title='bbox 926 3647 1214 3728; x_wconf 83' lang='lat' dir='ltr'>praetermittenda</span> <span class='ocrx_word' id='word_1_318' title='bbox 1233 3649 1408 3714; x_wconf 86' lang='lat' dir='ltr'>insolentia</span> <span class='ocrx_word' id='word_1_319' title='bbox 1429 3659 1480 3716; x_wconf 89' lang='lat' dir='ltr'>est</span> 
     </span>
     <span class='ocr_line' id='line_1_33' title="bbox 325 3743 1479 3832; baseline 0.003 -20"><span class='ocrx_word' id='word_1_320' title='bbox 325 3768 373 3830; x_wconf 83' lang='lat' dir='ltr'>ea,</span> <span class='ocrx_word' id='word_1_321' title='bbox 397 3768 461 3831; x_wconf 89' lang='lat' dir='ltr'>qua</span> <span class='ocrx_word' id='word_1_322' title='bbox 481 3755 596 3813; x_wconf 89' lang='lat' dir='ltr'>neutra</span> <span class='ocrx_word' id='word_1_323' title='bbox 617 3756 682 3812; x_wconf 88' lang='lat' dir='ltr'>tum</span> <span class='ocrx_word' id='word_1_324' title='bbox 705 3747 859 3832; x_wconf 81' lang='lat' dir='ltr'>singulari</span> <span class='ocrx_word' id='word_1_325' title='bbox 882 3752 946 3809; x_wconf 88' lang='lat' dir='ltr'>tum</span> <span class='ocrx_word' id='word_1_326' title='bbox 963 3743 1057 3808; x_wconf 89' lang='lat' dir='ltr'>etiam</span> <span class='ocrx_word' id='word_1_327' title='bbox 1072 3747 1189 3828; x_wconf 87' lang='lat' dir='ltr'>plurali</span> <span class='ocrx_word' id='word_1_328' title='bbox 1210 3769 1342 3814; x_wconf 85' lang='lat' dir='ltr'>numero</span> <span class='ocrx_word' id='word_1_329' title='bbox 1363 3752 1479 3815; x_wconf 84' lang='lat' dir='ltr'>adver·</span> 
     </span>
     <span class='ocr_line' id='line_1_34' title="bbox 322 3846 1479 3932; baseline 0.005 -22"><span class='ocrx_word' id='word_1_330' title='bbox 322 3849 446 3913; x_wconf 81' lang='lat' dir='ltr'>bionum</span> <span class='ocrx_word' id='word_1_331' title='bbox 467 3848 542 3912; x_wconf 90' lang='lat' dir='ltr'>loco</span> <span class='ocrx_word' id='word_1_332' title='bbox 565 3851 673 3931; x_wconf 88' lang='lat' dir='ltr'>posuit</span> <span class='ocrx_word' id='word_1_333' title='bbox 694 3849 861 3932; x_wconf 86' lang='lat' dir='ltr'>Apuleius,</span> <span class='ocrx_word' id='word_1_334' title='bbox 883 3851 1053 3927; x_wconf 84' lang='lat' dir='ltr'>poetaram</span> <span class='ocrx_word' id='word_1_335' title='bbox 1069 3846 1247 3911; x_wconf 87' lang='lat' dir='ltr'>imitatione</span> <span class='ocrx_word' id='word_1_336' title='bbox 1270 3849 1395 3928; x_wconf 86' lang='lat' dir='ltr'>duetus,</span> <span class='ocrx_word' id='word_1_337' title='bbox 1418 3852 1479 3916; x_wconf 90' lang='lat' dir='ltr'>sed</span> 
     </span>
     <span class='ocr_line' id='line_1_35' title="bbox 323 3943 1478 4032; baseline 0.003 -20"><span class='ocrx_word' id='word_1_338' title='bbox 323 3949 486 4032; x_wconf 87' lang='lat' dir='ltr'>poetieam</span> <span class='ocrx_word' id='word_1_339' title='bbox 508 3948 671 4012; x_wconf 82' lang='lat' dir='ltr'>licentiam</span> <span class='ocrx_word' id='word_1_340' title='bbox 692 3949 790 4032; x_wconf 89' lang='lat' dir='ltr'>longe</span> <span class='ocrx_word' id='word_1_341' title='bbox 817 3953 849 4011; x_wconf 87' lang='lat' dir='ltr'>et</span> <span class='ocrx_word' id='word_1_342' title='bbox 872 3943 1055 4026; x_wconf 84' lang='lat' dir='ltr'>frequentia</span> <span class='ocrx_word' id='word_1_343' title='bbox 1075 3947 1292 4030; x_wconf 85' lang='lat' dir='ltr'>exemplorum</span> <span class='ocrx_word' id='word_1_344' title='bbox 1314 3955 1348 4012; x_wconf 87' lang='lat' dir='ltr'>et</span> <span class='ocrx_word' id='word_1_345' title='bbox 1368 3950 1478 4015; x_wconf 91' lang='lat' dir='ltr'>immo·</span> 
     </span>
     <span class='ocr_line' id='line_1_36' title="bbox 324 4042 1477 4132; baseline 0.004 -22"><span class='ocrx_word' id='word_1_346' title='bbox 324 4047 491 4112; x_wconf 79' lang='lat' dir='ltr'>donatione</span> <span class='ocrx_word' id='word_1_347' title='bbox 509 4069 752 4132; x_wconf 82' lang='lat' dir='ltr'>supergressus:</span> <span class='ocrx_word' id='word_1_348' title='bbox 775 4047 817 4112; x_wconf 88' lang='lat' dir='ltr'>M.</span> <span class='ocrx_word' id='word_1_349' title='bbox 832 4047 857 4112; x_wconf 89' lang='lat' dir='ltr'>I.</span> <span class='ocrx_word' id='word_1_350' title='bbox 872 4045 922 4110; x_wconf 88' lang='grc'>46.</span> <span class='ocrx_word' id='word_1_351' title='bbox 938 4042 1072 4128; x_wconf 78' lang='lat' dir='ltr'>infimam</span> <span class='ocrx_word' id='word_1_352' title='bbox 1088 4044 1221 4126; x_wconf 68' lang='lat' dir='ltr'>(laertes.</span> <span class='ocrx_word' id='word_1_353' title='bbox 1242 4048 1285 4113; x_wconf 90' lang='lat' dir='ltr'>ib.</span> <span class='ocrx_word' id='word_1_354' title='bbox 1300 4048 1324 4115; x_wconf 94' lang='lat' dir='ltr'>I.</span> <span class='ocrx_word' id='word_1_355' title='bbox 1341 4050 1369 4115; x_wconf 91' lang='grc'><strong>7.</strong></span> <span class='ocrx_word' id='word_1_356' title='bbox 1385 4062 1477 4114; x_wconf 90' lang='lat' dir='ltr'>aeter·</span> 
     </span>
     <span class='ocr_line' id='line_1_37' title="bbox 322 4144 1479 4232; baseline 0.003 -20"><span class='ocrx_word' id='word_1_357' title='bbox 322 4169 406 4212; x_wconf 85' lang='lat' dir='ltr'>nnn.</span> <span class='ocrx_word' id='word_1_358' title='bbox 429 4148 508 4213; x_wconf 91' lang='lat' dir='ltr'>Hor.</span> <span class='ocrx_word' id='word_1_359' title='bbox 532 4169 582 4232; x_wconf 92' lang='lat' dir='ltr'>ep.</span> <span class='ocrx_word' id='word_1_360' title='bbox 598 4152 620 4215; x_wconf 91' lang='lat' dir='ltr'>l.</span> <span class='ocrx_word' id='word_1_361' title='bbox 646 4150 694 4214; x_wconf 89' lang='lat'>10.</span> <span class='ocrx_word' id='word_1_362' title='bbox 708 4150 758 4212; x_wconf 89' lang='grc'>41.</span> <span class='ocrx_word' id='word_1_363' title='bbox 781 4149 820 4211; x_wconf 90' lang='lat' dir='ltr'>M.</span> <span class='ocrx_word' id='word_1_364' title='bbox 836 4147 878 4211; x_wconf 90' lang='lat' dir='ltr'>II.</span> <span class='ocrx_word' id='word_1_365' title='bbox 895 4144 935 4208; x_wconf 88' lang='grc'>99</span> <span class='ocrx_word' id='word_1_366' title='bbox 957 4144 1021 4205; x_wconf 81' lang='lat' dir='ltr'>nrit</span> <span class='ocrx_word' id='word_1_367' title='bbox 1035 4154 1222 4227; x_wconf 82' lang='lat' dir='ltr'>perpetuam.</span> <span class='ocrx_word' id='word_1_368' title='bbox 1245 4148 1285 4215; x_wconf 92' lang='lat' dir='ltr'>V.</span> <span class='ocrx_word' id='word_1_369' title='bbox 1308 4150 1368 4216; x_wconf 89' lang='grc'>378</span> <span class='ocrx_word' id='word_1_370' title='bbox 1393 4151 1479 4217; x_wconf 84' lang='lat' dir='ltr'>dalea</span> 
     </span>
     <span class='ocr_line' id='line_1_38' title="bbox 322 4241 1475 4332; baseline 0.003 -20"><span class='ocrx_word' id='word_1_371' title='bbox 322 4250 494 4332; x_wconf 83' lang='lat' dir='ltr'>eonan&#39;ecit.</span> <span class='ocrx_word' id='word_1_372' title='bbox 533 4249 574 4312; x_wconf 90' lang='grc' dir='ltr'>Π.</span> <span class='ocrx_word' id='word_1_373' title='bbox 601 4249 658 4312; x_wconf 88' lang='grc'>106</span> <span class='ocrx_word' id='word_1_374' title='bbox 681 4269 744 4332; x_wconf 87' lang='lat' dir='ltr'>ego</span> <span class='ocrx_word' id='word_1_375' title='bbox 769 4267 850 4331; x_wconf 84' lang='lat' dir='ltr'>quae</span> <span class='ocrx_word' id='word_1_376' title='bbox 880 4243 964 4308; x_wconf 86' lang='lat' dir='ltr'>dnlce</span> <span class='ocrx_word' id='word_1_377' title='bbox 990 4241 1129 4306; x_wconf 79' lang='lat' dir='ltr'>condiens</span> <span class='ocrx_word' id='word_1_378' title='bbox 1151 4248 1300 4313; x_wconf 87' lang='lat' dir='ltr'>etollam</span> <span class='ocrx_word' id='word_1_379' title='bbox 1322 4251 1475 4315; x_wconf 78' lang='grc'>01100111-</span> 
     </span>
    </p>
   </div>
   <div class='ocr_carea' id='block_1_3' title="bbox 320 4341 1476 4532">
    <p class='ocr_par' dir='ltr' id='par_1_3' title="bbox 320 4341 1476 4532">
     <span class='ocr_line' id='line_1_39' title="bbox 320 4341 1475 4432; baseline 0 -18"><span class='ocrx_word' id='word_1_380' title='bbox 320 4349 387 4414; x_wconf 90' lang='lat' dir='ltr'>lum</span> <span class='ocrx_word' id='word_1_381' title='bbox 406 4367 497 4410; x_wconf 77' lang='lat' dir='ltr'>snccoc</span> <span class='ocrx_word' id='word_1_382' title='bbox 518 4359 637 4432; x_wconf 79' lang='lat' dir='ltr'>quatere</span> <span class='ocrx_word' id='word_1_383' title='bbox 658 4348 742 4413; x_wconf 87' lang='lat' dir='ltr'>novi.</span> <span class='ocrx_word' id='word_1_384' title='bbox 767 4348 824 4412; x_wconf 90' lang='grc'><strong>71.</strong></span> <span class='ocrx_word' id='word_1_385' title='bbox 839 4343 899 4410; x_wconf 87' lang='grc'>393</span> <span class='ocrx_word' id='word_1_386' title='bbox 914 4341 998 4406; x_wconf 76' lang='lat' dir='ltr'>derlee</span> <span class='ocrx_word' id='word_1_387' title='bbox 1013 4344 1163 4408; x_wconf 85' lang='lat' dir='ltr'>cantitent</span> <span class='ocrx_word' id='word_1_388' title='bbox 1183 4365 1259 4414; x_wconf 89' lang='lat' dir='ltr'>aves</span> <span class='ocrx_word' id='word_1_389' title='bbox 1274 4350 1475 4414; x_wconf 87' lang='lat' dir='ltr'>melleismo·</span> 
     </span>
     <span class='ocr_line' id='line_1_40' title="bbox 320 4443 1476 4532; baseline 0.001 -22"><span class='ocrx_word' id='word_1_390' title='bbox 320 4446 407 4514; x_wconf 82' lang='lat' dir='ltr'>dalis</span> <span class='ocrx_word' id='word_1_391' title='bbox 429 4467 519 4510; x_wconf 86' lang='lat' dir='ltr'>snane</span> <span class='ocrx_word' id='word_1_392' title='bbox 545 4459 724 4514; x_wconf 85' lang='lat' dir='ltr'>resonantes.</span> <span class='ocrx_word' id='word_1_393' title='bbox 752 4448 794 4516; x_wconf 88' lang='lat' dir='ltr'>H.</span> <span class='ocrx_word' id='word_1_394' title='bbox 816 4445 876 4511; x_wconf 84' lang='grc'>156</span> <span class='ocrx_word' id='word_1_395' title='bbox 897 4443 1036 4506; x_wconf 75' lang='lat' dir='ltr'>alcinon</span> <span class='ocrx_word' id='word_1_396' title='bbox 1058 4447 1184 4532; x_wconf 74' lang='lat' dir='ltr'>defletus.</span> <span class='ocrx_word' id='word_1_397' title='bbox 1213 4446 1309 4531; x_wconf 84' lang='lat' dir='ltr'>(Liv.)</span> <span class='ocrx_word' id='word_1_398' title='bbox 1333 4447 1391 4513; x_wconf 70' lang='lat' dir='ltr'>El</span> <span class='ocrx_word' id='word_1_399' title='bbox 1414 4449 1476 4513; x_wconf 91' lang='grc'>220</span> 
     </span>
    </p>
   </div>
   <div class='ocr_carea' id='block_1_4' title="bbox 197 4545 1474 4634">
    <p class='ocr_par' dir='ltr' id='par_1_4' title="bbox 197 4545 1474 4634">
     <span class='ocr_line' id='line_1_41' title="bbox 197 4545 1474 4634; baseline 0 -22"><span class='ocrx_word' id='word_1_400' title='bbox 197 4547 207 4560; x_wconf 79' lang='lat'><em>&#39;</em></span> <span class='ocrx_word' id='word_1_401' title='bbox 316 4547 472 4634; x_wconf 66' lang='lat' dir='ltr'>obliquam</span> <span class='ocrx_word' id='word_1_402' title='bbox 494 4549 658 4634; x_wconf 78' lang='lat' dir='ltr'>respiciens</span> <span class='ocrx_word' id='word_1_403' title='bbox 690 4549 824 4615; x_wconf 81' lang='grc'>71384</span> <span class='ocrx_word' id='word_1_404' title='bbox 846 4547 963 4628; x_wconf 71' lang='lat' dir='ltr'>longara</span> <span class='ocrx_word' id='word_1_405' title='bbox 986 4549 1143 4614; x_wconf 80' lang='lat' dir='ltr'>saciarent.</span> <span class='ocrx_word' id='word_1_406' title='bbox 1165 4545 1360 4611; x_wconf 71' lang='grc'>17011147</span> <span class='ocrx_word' id='word_1_407' title='bbox 1376 4550 1474 4615; x_wconf 72' lang='lat' dir='ltr'>maxi·</span> 
     </span>
    </p>
   </div>
   <div class='ocr_carea' id='block_1_5' title="bbox 0 0 1569 5300">
    <p class='ocr_par' dir='ltr' id='par_1_5' title="bbox 0 0 1569 5300">
     <span class='ocr_line' id='line_1_42' title="bbox 0 0 1569 5300; baseline 0 0"><span class='ocrx_word' id='word_1_408' title='bbox 0 0 1569 5300; x_wconf 95' lang='lat' dir='ltr'> </span> 
     </span>
    </p>
   </div>
  </div>
 </body>
</html>
