3068 5310
817 383 895 448 ‚124
923 371 926 378 ’

291 583 385 670 syllas
402 603 546 668 praeceps
558 583 693 668 alioquin
715 593 740 646 et
762 581 796 646 de
817 585 881 669 ipso
902 585 1021 649 nomine
1041 587 1218 650 temerarius
1231 587 1366 651 brevius
1378 589 1441 668 qni-

287 685 360 750 dem
383 685 586 763 dictumest,
609 682 769 747 sedidem
793 684 1014 767 apertissime3
1037 685 1189 768 designat
1211 685 1293 749 enim
1314 689 1444 750 temeri·

286 791 388 848 tatem
409 803 430 848 a
450 783 578 849 nomine
602 781 652 865 (tp
655 781 749 862 notet,
773 783 867 866 quasi
887 803 905 847 e
926 783 1018 849 fonte
1041 806 1100 850 suo
1127 785 1301 849 deductam
1323 805 1366 850 ex
1391 807 1443 850 eo-

288 904 349 966 que
371 884 577 967 pendentem
610 881 808 966 Saperfluum
831 884 902 948 fere
919 885 1046 948 videtur
1061 885 1112 964 de,
1136 885 1251 948 eodem
1271 887 1370 950 modo
1392 886 1446 950 de·

285 984 463 1063 rivandum,
485 983 535 1048 lns
546 982 627 1047 loeis
641 981 682 1048 M
690 982 748 1048 IX.
763 983 824 1048 699
835 984 871 1047 de
891 988 1021 1048 vastiore
1041 985 1153 1048 nodtrlc
1175 985 1254 1049 cerel
1257 1005 1326 1050 rum
1347 987 1445 1070 diffin-

281 1067 362 1149 ¹dere
385 1083 427 1152 ib
444 1082 503 1148 671
527 1074 667 1164 confirma
689 1081 725 1146 de
743 1083 916 1167 impotentia
938 1083 1027 1168 deque
1048 1086 1157 1148 inertia
1178 1105 1247 1149 sua.
1270 1086 1361 1149 VIII.
1382 1087 1446 1151 539

286 1183 356 1248 ἅθ’
342 1203 426 1246 iussu
447 1181 585 1246 dominae
606 1180 758 1245 blandiens
779 1184 814 1246 ei
855 1179 1058 1248 Manifestior
1085 1184 1211 1249 oriundi
1232 1185 1285 1248 vel
1307 1205 1349 1248 ex
1370 1185 1446 1249 loeo

285 1285 338 1350 vel
360 1284 400 1347 de
421 1303 457 1347 re
481 1283 590 1366 aliqua
609 1285 668 1346 not
669 1281 710 1361 io,
735 1302 818 1365 qnae
833 1283 949 1365 ubique
967 1305 1095 1367 semper
1116 1284 1290 1350 retinenda
1311 1291 1373 1366 est,
1389 1305 1445 1366 ap·

285 1388 382 1466 paret
402 1383 435 1446 in
463 1383 511 1446 his
540 1381 729 1462 enuntiatis,
757 1382 911 1447 insolenti
937 1384 1098 1448 interdum
1124 1385 1287 1450 brevitate
1313 1384 1447 1469 insigni-

287 1485 346 1548 bus
370 1479 408 1545 M.
423 1483 463 1547 V.
479 1479 542 1547 355
564 1480 677 1546 maltum
702 1481 817 1564 prande
843 1483 997 1547 demultus
1024 1486 1197 1549 acetositate
1217 1485 1442 1568 praeminatur.

286 1581 360 1647 VH.
383 1584 444 1647 489
473 1583 590 1664 eousque
624 1580 803 1668 (suasim)
836 1595 958 1649 mortem
979 1585 1014 1647 de
1035 1585 1105 1668 lupo
1135 1585 1223 1667 facile
1252 1585 1445 1648 mentiemur:

286 1683 372 1764 quod
395 1681 492 1747 tacile
522 1680 565 1744 ad
591 1681 825 1766 explicandum,
854 1685 895 1748 ad
922 1685 1110 1749 vertendum
1137 1684 1355 1748 difficillimum
1382 1690 1444 1762 est,

286 1783 313 1846 si
336 1782 450 1846 eadem
472 1783 644 1846 verborum
666 1783 818 1865 angustia
845 1784 1169 1848 ercamseribeudum
1195 1790 1260 1866 est3
1293 1784 1447 1867 exprimit

285 1881 429 1946 nimirum
456 1881 685 1946 deductionem
713 1883 827 1947 mortis
857 1883 897 1946 de
918 1883 995 1966 lupo
1016 1884 1197 1966 profectae.
1231 1883 1285 1947 Ad
1307 1883 1446 1946 eandem

284 1982 447 2046 rationem
467 1987 607 2064 vergunt
628 1981 719 2047 VIII.
735 1982 794 2047 591
813 1984 988 2068 nequissimo
1003 1982 1159 2046 verberoni
1175 2005 1232 2048 seeo
1250 1983 1372 2068 placuit
1392 2005 1442 2046 sa-

285 2083 332 2146 lus
353 2081 388 2145 de
409 2103 476 2145 meu
502 2092 603 2146 morte.
631 2081 705 2145 VII.
724 2081 785 2146 477
807 2081 842 2145 de
875 2105 920 2146 me
944 2091 1101 2146 metuentes
1127 2083 1194 2151 siln'.
1224 2085 1280 2151 VI.
1301 2085 1366 2149 426
1389 2105 1445 2148 nee

281 2185 445 2266 prosapiae
466 2192 536 2245 tuoe
557 2231 565 2246 .
589 2228 596 2245 .
619 2181 654 2246 de
675 2181 868 2246 matrimonio
890 2183 1015 2246 mortali
1032 2192 1162 2248 metuas:
1185 2186 1273 2266 quod
1293 2185 1445 2268 longiore

283 2281 564 2363 interpretationis
588 2283 708 2347 ambitu
730 2281 967 2365 explanandum
990 2286 1041 2347 est
1063 2283 1149 2348 fere:
1177 2303 1218 2348 ne
1239 2290 1368 2349 metuas
1389 2286 1445 2347 mi·

285 2379 399 2460 serias,
423 2381 492 2445 sive
516 2401 695 2462 aerumnas,
719 2383 759 2447 de
779 2382 841 2446 hoc
861 2383 1063 2447 matrimonio
1084 2383 1238 2497 orituram
1259 2383 1314 2446 ubi
1327 2388 1445 2448 nostro

285 2495 342 2567 tou
365 2481 409 2545 ad
429 2483 685 2547 vertendumt
649 2483 696 2546 uti
727 2501 898 2596 possumus
932 2479 1112 2566 congruent
1112 2483 1144 2546 ia
1175 2503 1242 2548 non
1270 2484 1375 2548 solam
1401 2485 1446 2546 ad

284 2556 417 2646 verbam
440 2602 548 2646 verum
576 2582 674 2646 etiam
696 2583 812 2646 adt
759 2602 797 2646 ra
798 2583 920 2646 tionem
947 2591 1110 2650 accurata.
1131 2583 1321 2648 —Deinde
1342 2587 1445 2646 mate·

282 2683 372 2762 riam,
397 2701 438 2746 ax
460 2703 523 2766 qua
544 2681 666 2764 aliquid
688 2681 757 2746 fact
743 2688 808 2746 tum
829 2688 890 2762 est,
920 2684 1056 2767 simplex
1076 2685 1117 2748 de
1138 2704 1199 2767 per
1220 2703 1256 2748 se
1280 2683 1445 2765 designat,

283 2783 372 2847 nullo
393 2785 495 2848 verbo
520 2781 632 2846 addito
654 2777 695 2846 Μ.
715 2781 757 2849 ΙΙ.
778 2783 819 2847 92
841 2783 1008 2847 arbusculis
1035 2783 1112 2848 olibi
1135 2783 1170 2847 de
1191 2782 1289 2867 lapide
1308 2782 1443 2866 florenti·

284 2883 347 2946 tus.
369 2883 407 2946 In
430 2882 670 2948 similitudinem
690 2881 795 2960 istius,
818 2883 905 2965 quod
927 2885 967 2947 de
988 2884 1134 2948 omnibus
1148 2883 1255 2964 rebus,
1268 2881 1363 2949 unde
1387 2882 1445 2944 ali·

284 2983 608 3065 quidsappeditatur,
626 2981 766 3066 indeque
780 2981 820 3046 de
835 3003 1026 3066 quoeunque
1040 2983 1202 3066 impendio
1218 2982 1344 3062 dieitur,
1360 2982 1446 3045 haee

281 3082 449 3166 intelligas
472 3077 512 3148 M.
527 3083 568 3149 V.
589 3081 651 3148 357
673 3087 925 3168 opportunitatem
947 3084 981 3147 de
1001 3082 1123 3148 luminis
1145 3083 1266 3146 cornilio
1288 3092 1442 3147 mutuare.

281 3184 324 3249 ib.
345 3183 389 3248 11.
412 3181 471 3248 167
499 3183 534 3246 de
554 3203 609 3247 suo
638 3184 736 3267 lepore
762 3184 953 3249 comminisci.
975 3183 1018 3248 ib.
1039 3181 1098 3248 111.
1118 3183 1178 3246 211
1200 3181 1235 3245 de
1250 3183 1385 3266 propria
1406 3182 1443 3244 li·

284 3283 437 3347 beralitate
464 3282 569 3346 ottulit
594 3281 837 3362 corollariumtt.
865 3282 1020 3352 Extremo
1041 3282 1116 3346 loeo
1138 3300 1260 3364 paucas
1281 3281 1443 3364 composi·

281 3384 389 3448 tiones
423 3383 466 3447 ad
489 3384 673 3448 universam
699 3389 775 3447 ante
803 3383 1025 3447 adumbratam
1049 3382 1208 3446 rationem
1233 3382 1444 3446 revocandas

212 3546 216 3552 .
283 3481 452 3549 afferamus
474 3483 517 3550 Μ
539 3483 598 3549 ΠΙ.
608 3483 674 3548 221
698 3482 733 3547 de
754 3503 842 3547 more.
863 3485 925 3566 Ap
940 3483 1001 3548 378
1017 3481 1051 3545 de
1071 3483 1231 3566 composito
1246 3482 1352 3567 (Tert.
1365 3482 1444 3548 adv.

283 3585 449 3684 Marulli
466 3585 503 3648 17
466 3584 566 3648 lde
588 3583 773 3668 proposito)
796 3583 839 3649 ib
861 3583 922 3648 379
943 3581 979 3646 de
994 3583 1138 3670 professo.

367 3685 449 3748 Iam
440 3706 474 3748 111
485 3684 674 3767 reliquarum
681 3701 836 3766 praeposi
828 3673 1255 3766 'tionumnsupe'reensendo
1267 3669 1454 3748 breviores¹

283 3805 357 3853 esse
378 3784 696 3869 possumus.Ex'1n
718 3783 861 3848 formulis
878 3783 1066 3865 quibusdam
1081 3789 1139 3848 not
1126 3785 1256 3847 tandum
1268 3789 1327 3862 est,
1349 3784 1445 3847 velut

283 3883 322 3952 M.
345 3887 387 3951 Π.
410 3884 468 3952 169
489 3885 552 3965 Ap.
573 3881 636 3947 550
655 3903 694 3946 eac
715 3884 839 3948 summes
860 3882 983 3949 airadus.
1020 3879 1059 3948 M.
1081 3884 1129 3946 VI
1132 3884 1155 3946 l.
1114 3883 1241 3948 1493.
1264 3882 1355 3948 VIII.
1366 3881 1443 3946 517.

283 3985 341 4052 IX.
364 3986 426 4052 692
447 4006 486 4050 ea
514 4001 630 4047 summo
656 3983 770 4050 studeo:
803 4003 886 4067 quae
912 3988 1085 4068 praeterea
1111 3985 1229 4048 Plauto
1252 3983 1443 4067 frequentes

349 4101 375 4168 ⁴⁵)
395 4101 475 4164 Illud,
495 4097 614 4170 quodie
633 4097 810 4168 proverbium
828 4097 898 4152 abiit
909 4098 977 4154 VIL
995 4098 1056 4154 tes:
1074 4099 1185 4153 Revera
1200 4099 1273 4154 ludis
1291 4098 1327 4150 de
1344 4097 1441 4152 alieno

286 4183 373 4247 cone,
398 4183 473 4253 qaod
492 4179 617 4236 nonnulli
634 4181 669 4234 de
692 4181 901 4236 chamaeleonte
924 4184 1044 4238 tractum
1067 4179 1207 4251 explicant
1229 4185 1258 4236 et
1276 4181 1309 4234 de
1327 4181 1442 4236 homine

281 4265 453 4322 inconstanti
477 4281 511 4318 ac
538 4279 590 4334 pro
608 4266 735 4336 tempore
753 4264 781 4318 in
799 4281 907 4319 omnem
925 4264 1049 4320 habitum
1067 4268 1193 4322 vertente
1212 4263 1314 4318 dictum
1331 4264 1442 4328 volunt,

284 4350 330 4405 alii
349 4348 455 4413 melius,
474 4352 505 4400 ut
522 4346 630 4418 opinor,
653 4347 814 4418 intelligunt
838 4348 872 4401 de
885 4348 929 4411 iia,
954 4349 1000 4418 qui
1019 4347 1144 4402 securius
1163 4351 1257 4418 agunt,
1276 4346 1326 4399 sed
1344 4347 1441 4400 alieno

284 4431 417 4504 periculo.
453 4431 540 4498 Quam
558 4431 817 4502 interpretationem
835 4434 932 4485 noster
950 4447 1060 4502 quoque
1077 4432 1157 4485 loeus
1176 4431 1352 4502 comprobat;
1372 4430 1441 4483 inde

283 4519 350 4573 illud
368 4516 395 4570 in
403 4515 551 4570 discrimen
576 4520 605 4571 et
616 4518 756 4586 impensas
773 4517 903 4584 tanquam
916 4514 1030 4570 alterius
1048 4529 1131 4584 agere
1145 4513 1178 4568 ad
1194 4517 1439 4570 commemoratam

257 4611 368 4675 ''tupffl
383 4599 520 4660 ationem
538 4601 677 4659 mendae
692 4599 809 4660 videtur.
